Time,Type,Order ID,Size,Price,Direction,Ask Price 1,Ask Size 1,Bid Price 1,Bid Size 1,Ask Price 2,Ask Size 2,Bid Price 2,Bid Size 2,Ask Price 3,Ask Size 3,Bid Price 3,Bid Size 3,Ask Price 4,Ask Size 4,Bid Price 4,Bid Size 4,Ask Price 5,Ask Size 5,Bid Price 5,Bid Size 5,osi,rv
34200.004241176,1,16113575,0.0008092069771623809,585.33,1,585.94,200,585.33,18,585.98,200,585.3,150,586.1,200,585.1,5,586.89,300,585.01,89,586.95,50,584.97,5,0.08256880733944955,0.20520794975597356
34200.271739507,1,2109823,0.002247797158784391,585.7,1,585.74,40,585.73,20,585.93,100,585.7,50,585.94,200,585.36,18,585.98,200,585.35,18,586.1,200,585.33,18,0.3333333333333333,0.5700220826554822
34200.271739507,1,1373927,0.0011238985793921956,585.78,-1,585.74,40,585.73,20,585.75,82,585.7,50,585.78,25,585.69,20,585.93,100,585.65,5,585.94,200,585.64,20,0.3333333333333333,0.2850110413277411
34200.275057494,4,3647217,4.4955943175687825e-05,585.73,1,585.75,57,585.73,19,585.78,45,585.7,50,585.8,4,585.69,20,585.82,5,585.65,5,585.83,7,585.64,20,0.25,0.011400441653109642
34200.27720806,3,15836282,0.004495594317568782,586.89,-1,585.93,63,585.74,50,585.94,200,585.73,9,585.98,200,585.7,50,586.1,200,585.69,20,586.89,200,585.65,5,0.4424778761061947,1.1400441653109643
34201.015781125,1,16310958,0.004495594317568782,585.46,1,585.87,100,585.66,18,585.89,100,585.65,5,585.93,59,585.64,20,585.94,300,585.6,3,585.98,400,585.46,100,0.15254237288135594,1.1400441653109643
34201.01601494,3,16310958,0.004495594317568782,585.46,1,585.87,100,585.66,18,585.89,100,585.65,5,585.93,59,585.64,20,585.94,300,585.6,3,585.98,400,585.44,167,0.15254237288135594,1.1400441653109643
34201.1731408,1,16337407,0.00022477971587843914,585.86,-1,585.86,5,585.47,100,585.87,118,585.44,167,585.89,100,585.4,50,585.93,59,585.38,22,585.94,300,585.36,5,0.9523809523809523,0.057002208265548214
34201.188124042,1,16339418,0.0006743391476353174,585.83,-1,585.83,15,585.49,15,585.84,18,585.48,18,585.85,18,585.44,167,585.86,21,585.42,100,585.87,118,585.4,50,0.5,0.17100662479664464
34201.384145378,3,16337414,0.0008092069771623809,585.48,1,585.83,15,585.49,15,585.84,18,585.44,167,585.85,18,585.42,100,585.86,21,585.4,50,585.87,118,585.38,22,0.5,0.20520794975597356
34201.384146714,3,16337399,0.0008092069771623809,585.87,-1,585.83,15,585.49,15,585.84,18,585.44,167,585.85,18,585.42,100,585.86,21,585.4,50,585.87,100,585.38,22,0.5,0.20520794975597356
34201.384201303,3,16337430,0.0008092069771623809,585.85,-1,585.83,15,585.49,15,585.86,3,585.44,167,585.87,100,585.42,100,585.89,100,585.4,50,585.93,59,585.38,22,0.5,0.20520794975597356
34201.422204025,1,16368700,0.008991188635137565,585.89,-1,585.8,100,585.44,167,585.83,15,585.42,100,585.87,100,585.4,50,585.89,300,585.38,22,585.93,59,585.36,5,0.6254681647940075,2.2800883306219286
34201.732392812,3,16380190,0.0008092069771623809,585.8,-1,585.8,100,585.47,18,585.87,100,585.46,5,585.89,300,585.44,167,585.93,59,585.42,100,585.94,200,585.4,50,0.15254237288135594,0.20520794975597356
34201.840818555,1,16402646,0.0008092069771623809,585.79,-1,585.77,18,585.47,18,585.78,18,585.46,5,585.79,18,585.44,167,585.8,100,585.42,100,585.87,100,585.4,50,0.5,0.20520794975597356
34202.383613299,3,16445687,0.0003596475454055026,585.72,-1,585.72,28,585.44,167,585.73,36,585.42,100,585.8,100,585.4,50,585.87,100,585.38,22,585.89,100,585.36,5,0.8564102564102564,0.09120353322487713
34202.737723008,1,16502634,0.004495594317568782,585.71,-1,585.71,118,585.47,100,585.72,2,585.44,167,585.74,18,585.4,50,585.75,4,585.38,22,585.77,18,585.36,5,0.45871559633027525,1.1400441653109643
34203.011926972,4,16504889,0.0008092069771623809,585.68,-1,585.69,16,585.44,167,585.71,118,585.4,50,585.72,2,585.38,22,585.74,18,585.36,5,585.75,4,585.25,100,0.912568306010929,0.20520794975597356
34203.011987557,3,16486693,0.0008092069771623809,585.77,-1,585.71,118,585.7,66,585.72,2,585.44,167,585.74,18,585.4,50,585.75,4,585.38,22,585.8,100,585.36,5,0.358695652173913,0.20520794975597356
34203.600245629,3,16563538,0.0008092069771623809,585.7,-1,585.71,100,585.44,167,585.8,100,585.4,50,585.81,100,585.38,22,585.87,100,585.37,100,585.89,100,585.36,5,0.6254681647940075,0.20520794975597356
34204.567665764,3,16658483,0.0008092069771623809,585.46,1,585.76,18,585.47,18,585.77,18,585.45,2,585.8,118,585.44,167,585.81,100,585.4,50,585.87,100,585.38,22,0.5,0.20520794975597356
34204.56766787,3,16658480,0.0008092069771623809,585.47,1,585.76,18,585.45,2,585.77,18,585.44,167,585.8,100,585.4,50,585.81,100,585.38,22,585.87,100,585.36,5,0.1,0.20520794975597356
34205.175277367,3,16704576,0.0008092069771623809,585.5,1,585.68,850,585.49,18,585.8,100,585.48,2,585.81,100,585.47,100,585.87,100,585.44,167,585.89,100,585.4,50,0.020737327188940093,0.20520794975597356
34205.768387095,4,16675969,0.002652400647365582,585.68,-1,585.68,396,585.48,14,585.8,100,585.47,118,585.81,100,585.44,167,585.87,100,585.4,50,585.89,100,585.38,22,0.03414634146341464,0.6726260575334689
34206.29025491,3,16779043,0.0008092069771623809,585.47,1,585.67,18,585.48,21,585.68,396,585.47,100,585.8,100,585.44,167,585.81,100,585.4,50,585.87,100,585.38,22,0.5384615384615384,0.20520794975597356
34208.839912684,3,16818137,0.002337709045135767,585.48,1,585.68,398,585.49,100,585.8,200,585.48,117,585.81,100,585.47,100,585.87,100,585.44,167,585.89,100,585.4,50,0.20080321285140562,0.5928229659617014
34209.489945829,4,16675969,0.01011508721452976,585.68,-1,585.68,813,585.49,142,585.8,200,585.48,111,585.81,100,585.47,100,585.87,100,585.44,100,585.89,100,585.4,50,0.1486910994764398,2.5650993719496693
34209.780716781,4,16950346,0.0008092069771623809,585.5,1,585.68,785,585.49,209,585.8,200,585.48,66,585.81,100,585.47,100,585.87,100,585.44,100,585.89,100,585.4,50,0.21026156941649898,0.20520794975597356
34209.801542957,3,16675936,0.0029670922495953966,585.47,1,585.66,2,585.44,100,585.67,18,585.4,50,585.68,803,585.38,22,585.8,200,585.36,5,585.81,100,585.3,230,0.9803921568627451,0.7524291491052364
34209.830562764,3,16959555,0.007597554396691243,585.66,-1,585.66,2,585.44,66,585.67,18,585.4,50,585.68,803,585.38,22,585.8,200,585.36,5,585.81,100,585.3,230,0.9705882352941176,1.9266746393755296
34210.920070579,3,17027766,0.014385901816220105,585.63,-1,585.61,334,585.44,66,585.63,18,585.4,50,585.64,18,585.38,22,585.65,18,585.36,5,585.66,18,585.3,230,0.165,3.6481413289950857
34211.388085386,3,17047422,0.0008092069771623809,585.59,-1,585.58,18,585.36,5,585.6,18,585.3,230,585.61,338,585.17,10,585.68,145,585.1,5,585.8,200,585.05,1,0.21739130434782608,0.20520794975597356
34211.506656257,1,17057352,0.014385901816220105,585.58,-1,585.58,420,585.36,5,585.61,320,585.3,230,585.68,145,585.17,10,585.8,200,585.1,5,585.81,100,585.05,1,0.011764705882352941,3.6481413289950857
34212.052098179,1,17077789,0.0008092069771623809,585.55,-1,585.54,18,585.36,5,585.55,18,585.3,230,585.56,320,585.17,10,585.58,100,585.1,5,585.68,145,585.05,1,0.21739130434782608,0.20520794975597356
34212.058727741,3,17077932,0.014385901816220105,585.54,-1,585.52,338,585.36,5,585.53,18,585.3,230,585.54,18,585.17,10,585.55,18,585.1,5,585.58,100,585.05,1,0.014577259475218658,3.6481413289950857
34215.223443124,3,17172314,0.011283941737097644,585.43,-1,585.54,100,585.36,100,585.58,100,585.3,230,585.68,2,585.17,10,585.8,200,585.1,5,585.81,100,585.05,1,0.5,2.86151085493052
34217.206561301,1,17250485,0.002652400647365582,585.58,-1,585.58,59,585.37,4,585.68,2,585.36,118,585.8,200,585.3,230,585.81,100,585.17,10,585.93,59,585.1,5,0.06349206349206349,0.6726260575334689
34218.299456108,3,17249867,0.0008092069771623809,585.36,1,585.67,18,585.37,4,585.68,2,585.36,100,585.8,200,585.3,230,585.81,100,585.17,10,585.93,59,585.1,5,0.18181818181818182,0.20520794975597356
34219.51720018,4,17329817,0.0019780614997302643,585.44,-1,585.63,18,585.36,100,585.64,36,585.3,230,585.68,2,585.17,10,585.8,200,585.1,5,585.81,100,585.05,1,0.847457627118644,0.5016194327368243
34225.019831763,1,17494356,0.0001798237727027513,585.45,1,585.68,2,585.46,18,585.8,200,585.45,4,585.81,100,585.43,35,585.93,59,585.37,100,585.94,200,585.36,100,0.9,0.04560176661243857
34226.533737902,1,17537270,0.0008092069771623809,585.66,-1,585.65,18,585.37,100,585.66,18,585.36,225,585.68,2,585.3,230,585.8,200,585.1,5,585.81,100,585.05,1,0.847457627118644,0.20520794975597356
34227.731849051,3,17572155,0.0006293832044596295,585.64,-1,585.68,2,585.53,6,585.8,200,585.5,18,585.81,100,585.47,100,585.93,59,585.37,100,585.98,5,585.36,225,0.75,0.15960618314353497
34228.06976112,3,17573984,0.0008092069771623809,585.5,1,585.79,18,585.53,10,585.8,200,585.47,100,585.81,100,585.37,100,585.93,59,585.36,225,585.98,5,585.3,230,0.35714285714285715,0.20520794975597356
34228.069763888,3,17593380,0.0008092069771623809,585.79,-1,585.8,200,585.53,10,585.81,100,585.47,100,585.93,59,585.37,100,585.98,5,585.36,225,585.99,115,585.3,230,0.047619047619047616,0.20520794975597356
34231.364359872,3,17715338,0.0008092069771623809,585.8,-1,585.8,200,585.55,18,585.81,100,585.52,8,585.93,59,585.5,70,585.98,5,585.47,100,585.99,115,585.42,100,0.08256880733944955,0.20520794975597356
34231.748576687,3,17712744,0.0003596475454055026,585.52,1,585.77,18,585.5,70,585.78,18,585.47,100,585.8,218,585.42,100,585.81,300,585.37,100,585.93,59,585.36,225,0.7954545454545454,0.09120353322487713
34234.093107402,3,17838502,0.0008092069771623809,585.78,-1,585.74,12,585.5,70,585.77,18,585.47,100,585.79,18,585.42,100,585.8,218,585.37,100,585.81,300,585.36,125,0.8536585365853658,0.20520794975597356
34234.35541378,1,17865031,0.0008092069771623809,585.5,1,585.74,5,585.55,100,585.8,200,585.5,88,585.81,300,585.47,100,585.93,59,585.42,100,585.98,5,585.37,100,0.9523809523809523,0.20520794975597356
34234.35545013,1,17865034,0.0008092069771623809,585.51,1,585.74,5,585.55,100,585.8,200,585.51,18,585.81,300,585.5,88,585.93,59,585.47,100,585.98,5,585.42,100,0.9523809523809523,0.20520794975597356
34234.415602621,1,17868002,0.004495594317568782,585.82,-1,585.8,200,585.57,18,585.81,300,585.56,100,585.82,100,585.55,15,585.93,59,585.53,18,585.98,5,585.5,70,0.08256880733944955,1.1400441653109643
34234.541406557,3,17866294,0.0006743391476353174,585.55,1,585.8,200,585.5,70,585.81,300,585.47,100,585.93,59,585.42,100,585.98,5,585.37,100,585.99,115,585.36,125,0.25925925925925924,0.17100662479664464
34235.438950075,3,17878562,0.0008092069771623809,585.78,-1,585.77,18,585.53,18,585.79,2,585.52,18,585.8,200,585.51,18,585.81,300,585.5,86,585.93,59,585.47,100,0.5,0.20520794975597356
34235.62817173,1,17908572,0.0008092069771623809,585.5,1,585.8,200,585.53,12,585.81,300,585.52,18,585.93,59,585.5,88,585.98,5,585.47,100,585.99,115,585.37,100,0.05660377358490566,0.20520794975597356
34237.32873423,1,17958344,0.000539471318108254,585.54,1,585.73,100,585.54,12,585.74,100,585.51,200,585.8,200,585.5,70,585.81,300,585.47,100,585.93,59,585.37,100,0.10714285714285714,0.13680529983731574
34239.721464369,1,18033051,0.0008092069771623809,585.69,-1,585.69,18,585.51,200,585.72,18,585.5,70,585.73,18,585.47,100,585.8,200,585.44,35,585.81,300,585.37,100,0.9174311926605505,0.20520794975597356
34242.126058021,1,18092945,0.004495594317568782,585.5,-1,585.5,100,585.36,125,585.51,100,585.3,230,585.52,300,585.15,300,585.68,18,585.1,5,585.69,18,585.05,1,0.5555555555555556,1.1400441653109643
34242.281391065,3,18033051,0.0008092069771623809,585.69,-1,585.52,300,585.36,125,585.8,200,585.3,230,585.81,300,585.15,300,585.93,59,585.1,5,585.98,5,585.05,1,0.29411764705882354,0.20520794975597356
34242.320966286,1,18097824,0.0008092069771623809,585.51,-1,585.49,6,585.36,125,585.5,18,585.3,230,585.51,18,585.15,300,585.52,300,585.1,5,585.8,200,585.05,1,0.9541984732824428,0.20520794975597356
34242.935275142,3,18102100,0.000269735659054127,585.51,-1,585.52,300,585.3,281,585.8,200,585.15,300,585.81,300,585.1,5,585.93,59,585.05,1,585.98,5,585.04,2,0.4836488812392427,0.06840264991865787
34243.161699972,1,18117815,0.0008092069771623809,585.52,-1,585.52,318,585.3,281,585.8,200,585.15,300,585.81,300,585.1,5,585.93,59,585.05,1,585.98,5,585.04,2,0.4691151919866444,0.20520794975597356
34244.070740541,1,18138352,0.0008092069771623809,585.5,-1,585.49,18,585.3,150,585.5,18,585.15,300,585.52,300,585.1,5,585.8,200,585.05,1,585.81,300,585.04,2,0.8928571428571429,0.20520794975597356
34246.779185361,4,11599111,0.0013936342384463225,585.3,1,585.48,100,585.16,21,585.52,318,585.15,300,585.8,200,585.1,5,585.81,300,585.05,1,585.93,59,585.04,2,0.17355371900826447,0.3534136912463989
34247.098052251,1,18218469,0.0008092069771623809,585.51,-1,585.5,18,585.17,18,585.51,118,585.16,33,585.52,300,585.15,300,585.8,200,585.14,100,585.81,300,585.1,5,0.5,0.20520794975597356
34247.340994022,3,18218469,0.0008092069771623809,585.51,-1,585.5,18,585.19,18,585.51,100,585.18,12,585.52,300,585.16,21,585.8,200,585.15,300,585.81,300,585.14,100,0.5,0.20520794975597356
34247.507469814,5,0,0.004495594317568782,585.49,-1,585.5,18,585.19,18,585.51,118,585.18,12,585.52,300,585.16,21,585.8,200,585.15,300,585.81,300,585.14,100,0.5,1.1400441653109643
34247.507469814,5,0,0.0006743391476353174,585.5,-1,585.51,118,585.19,18,585.52,300,585.18,12,585.8,200,585.16,21,585.81,300,585.15,300,585.93,59,585.14,100,0.1323529411764706,0.17100662479664464
34247.544222178,5,0,0.006698435533177486,585.51,-1,585.52,300,585.22,6,585.8,200,585.21,118,585.81,300,585.19,18,585.93,59,585.15,300,585.98,5,585.14,100,0.0196078431372549,1.6986658063133366
34248.05228323,3,18236214,0.004495594317568782,585.7,-1,585.69,100,585.32,100,585.72,100,585.15,300,585.8,200,585.14,100,585.81,300,585.1,5,585.93,59,585.05,1,0.5,1.1400441653109643
34248.114604502,1,18242052,0.004495594317568782,585.85,-1,585.69,100,585.32,100,585.72,100,585.15,300,585.8,200,585.14,100,585.81,300,585.1,5,585.85,100,585.05,1,0.5,1.1400441653109643
34249.417987637,3,18259346,0.000269735659054127,585.33,1,585.71,100,585.35,18,585.72,100,585.32,100,585.8,200,585.14,100,585.81,300,585.1,5,585.85,100,585.05,1,0.15254237288135594,0.06840264991865787
34252.027560191,1,18339877,0.004495594317568782,585.37,1,585.72,100,585.69,41,585.8,200,585.37,100,585.81,300,585.32,300,585.85,100,585.14,100,585.93,59,585.1,305,0.2907801418439716,1.1400441653109643
34253.196242217,3,18364557,0.000269735659054127,585.38,1,585.8,200,585.36,18,585.81,300,585.35,18,585.85,100,585.32,300,585.86,100,585.23,100,585.93,59,585.14,100,0.08256880733944955,0.06840264991865787
34256.191559618,3,18400127,0.004495594317568782,585.68,-1,585.65,980,585.35,6,585.8,200,585.33,18,585.81,300,585.32,318,585.85,100,585.23,100,585.93,59,585.2,200,0.006085192697768763,1.1400441653109643
34256.585857323,4,18435674,0.004495594317568782,585.64,-1,585.65,1080,585.35,6,585.8,200,585.32,300,585.81,300,585.23,100,585.85,100,585.2,200,585.93,59,585.14,100,0.0055248618784530384,1.1400441653109643
34256.750399994,3,18435728,0.0008092069771623809,585.35,1,585.65,1080,585.32,300,585.8,200,585.23,100,585.81,300,585.2,200,585.85,100,585.14,100,585.93,59,585.1,305,0.21739130434782608,0.20520794975597356
34256.960845789,1,18444308,0.0008092069771623809,585.35,1,585.65,1080,585.35,18,585.8,200,585.32,300,585.81,300,585.23,100,585.85,100,585.2,200,585.93,59,585.14,100,0.01639344262295082,0.20520794975597356
34256.971549592,3,18444314,0.000269735659054127,585.33,1,585.65,1080,585.57,35,585.8,200,585.32,300,585.81,300,585.23,100,585.85,100,585.2,200,585.93,59,585.14,100,0.03139013452914798,0.06840264991865787
34258.780097936,3,18475976,0.0008092069771623809,585.32,1,585.62,18,585.33,18,585.63,18,585.32,300,585.64,18,585.23,100,585.65,992,585.2,200,585.72,100,585.1,305,0.5,0.20520794975597356
34259.263724378,3,18493684,0.0008092069771623809,585.63,-1,585.62,18,585.35,18,585.64,18,585.34,18,585.65,992,585.33,6,585.72,100,585.32,300,585.8,200,585.23,100,0.5,0.20520794975597356
34259.705631624,3,18514149,0.000539471318108254,585.65,-1,585.64,18,585.35,18,585.65,980,585.34,18,585.72,100,585.33,6,585.8,200,585.32,300,585.81,300,585.23,100,0.5,0.13680529983731574
34259.71846543,5,0,0.0014835461247976983,585.62,-1,585.64,100,585.35,18,585.65,980,585.34,18,585.72,100,585.33,6,585.8,200,585.32,300,585.81,300,585.23,100,0.15254237288135594,0.3762145745526182
34259.730597142,3,18522973,0.004495594317568782,585.64,-1,585.64,140,585.51,100,585.65,980,585.32,300,585.72,100,585.23,100,585.8,200,585.2,200,585.81,300,585.1,305,0.4166666666666667,1.1400441653109643
34259.896220718,1,18529001,0.000269735659054127,585.35,1,585.65,980,585.35,6,585.72,100,585.33,118,585.8,200,585.32,318,585.81,300,585.23,100,585.85,100,585.21,100,0.006085192697768763,0.06840264991865787
34259.933213123,4,18529134,0.0008092069771623809,585.61,-1,585.62,18,585.35,6,585.63,112,585.33,118,585.65,980,585.32,318,585.72,100,585.26,100,585.8,200,585.23,100,0.25,0.20520794975597356
34260.08229932,3,18529941,0.004495594317568782,585.36,1,585.63,205,585.39,18,585.65,980,585.38,2,585.72,100,585.35,6,585.8,200,585.32,300,585.81,300,585.26,100,0.08071748878923767,1.1400441653109643
34260.082442428,3,18529001,0.000269735659054127,585.35,1,585.63,205,585.39,18,585.65,980,585.32,300,585.72,100,585.26,100,585.8,200,585.23,100,585.81,300,585.2,200,0.08071748878923767,0.06840264991865787
34260.175705558,1,18542146,0.004495594317568782,585.21,1,585.63,193,585.32,300,585.65,980,585.23,100,585.72,100,585.21,100,585.8,200,585.2,200,585.81,300,585.1,305,0.6085192697768763,1.1400441653109643
34260.190049327,1,18542750,0.0008092069771623809,585.33,1,585.63,109,585.33,18,585.65,980,585.32,318,585.72,100,585.23,100,585.8,200,585.21,100,585.81,300,585.2,200,0.14173228346456693,0.20520794975597356
34260.191908736,1,18542910,0.004495594317568782,585.36,1,585.65,980,585.36,100,585.72,100,585.35,18,585.8,200,585.34,18,585.81,300,585.33,18,585.85,100,585.32,318,0.09259259259259259,1.1400441653109643
34261.383242471,3,18590142,0.0008092069771623809,585.32,1,585.6,18,585.32,300,585.61,16,585.23,100,585.63,100,585.2,200,585.65,1080,585.1,305,585.72,100,585.05,101,0.9433962264150944,0.20520794975597356
34261.824108543,4,18610125,0.0007192950908110052,585.61,-1,585.63,100,585.35,18,585.65,1080,585.34,18,585.72,100,585.33,18,585.8,200,585.32,318,585.81,200,585.23,100,0.15254237288135594,0.18240706644975427
34261.824573955,1,18610930,0.004495594317568782,585.63,-1,585.63,134,585.36,102,585.65,1080,585.35,18,585.72,100,585.34,18,585.8,200,585.33,18,585.81,200,585.32,318,0.4322033898305085,1.1400441653109643
34261.980313977,3,18611900,0.004495594317568782,585.6,1,585.64,189,585.58,200,585.65,1080,585.32,300,585.72,100,585.23,100,585.8,200,585.2,200,585.81,200,585.1,305,0.5141388174807198,1.1400441653109643
34262.347472593,3,18616813,0.004495594317568782,585.64,-1,585.64,89,585.32,300,585.65,1080,585.23,100,585.72,100,585.2,200,585.8,200,585.1,305,585.81,200,585.05,101,0.7712082262210797,1.1400441653109643
34262.348255941,1,18634303,0.004495594317568782,585.26,1,585.65,1080,585.32,300,585.72,100,585.26,100,585.8,200,585.23,100,585.81,200,585.2,200,585.85,100,585.1,305,0.21739130434782608,1.1400441653109643
34264.211843384,3,18676008,0.0008092069771623809,585.39,1,585.63,100,585.59,35,585.65,1080,585.38,18,585.67,100,585.32,300,585.8,200,585.23,100,585.81,200,585.21,100,0.25925925925925924,0.20520794975597356
34264.61165993,1,18703389,0.0008092069771623809,585.32,1,585.63,100,585.35,18,585.65,1080,585.34,18,585.67,100,585.33,18,585.8,200,585.32,318,585.81,200,585.3,100,0.15254237288135594,0.20520794975597356
34264.88405407,3,18703389,0.0008092069771623809,585.32,1,585.63,100,585.35,18,585.65,980,585.34,18,585.78,100,585.33,18,585.8,200,585.32,300,585.81,200,585.3,100,0.15254237288135594,0.20520794975597356
34265.69774865,1,18726217,0.0008092069771623809,585.34,1,585.62,100,585.35,18,585.63,100,585.34,18,585.65,980,585.32,300,585.78,100,585.3,100,585.8,200,585.23,100,0.15254237288135594,0.20520794975597356
34266.016378836,3,18726218,0.0008092069771623809,585.33,1,585.63,100,585.35,18,585.65,980,585.34,18,585.78,100,585.32,318,585.8,200,585.3,100,585.81,200,585.23,100,0.15254237288135594,0.20520794975597356
34266.056103541,1,18735563,0.0008092069771623809,585.33,1,585.63,100,585.35,18,585.65,980,585.34,18,585.78,100,585.33,18,585.8,200,585.32,300,585.81,200,585.3,100,0.15254237288135594,0.20520794975597356
34270.107021976,1,18833464,0.004495594317568782,585.5,-1,585.43,80,585.23,100,585.5,100,585.2,200,585.51,100,585.19,100,585.65,980,585.1,305,585.78,100,585.05,101,0.5555555555555556,1.1400441653109643
34270.211937564,1,18839130,0.004495594317568782,585.18,1,585.43,80,585.24,18,585.5,100,585.23,100,585.65,980,585.2,200,585.78,100,585.18,100,585.8,200,585.1,305,0.1836734693877551,1.1400441653109643
34270.231154273,3,18833480,0.0008092069771623809,585.24,1,585.65,980,585.31,100,585.78,100,585.25,18,585.8,200,585.23,100,585.81,200,585.2,200,585.85,100,585.18,100,0.09259259259259259,0.20520794975597356
34270.233933883,3,18840165,0.004495594317568782,585.62,-1,585.65,980,585.31,100,585.66,200,585.23,100,585.78,100,585.2,200,585.8,200,585.18,100,585.81,200,585.1,305,0.09259259259259259,1.1400441653109643
34270.248328008,3,18840507,0.008991188635137565,585.72,-1,585.62,100,585.31,100,585.65,980,585.23,100,585.78,100,585.2,200,585.8,200,585.18,100,585.81,200,585.1,305,0.5,2.2800883306219286
34270.394425398,3,18840835,0.0008092069771623809,585.59,-1,585.61,18,585.23,100,585.62,118,585.2,200,585.65,980,585.18,100,585.76,200,585.1,305,585.78,100,585.05,101,0.847457627118644,0.20520794975597356
34270.601967383,1,18848243,0.004495594317568782,585.64,-1,585.64,100,585.24,18,585.65,980,585.23,118,585.76,200,585.2,200,585.78,100,585.18,100,585.8,200,585.1,305,0.15254237288135594,1.1400441653109643
34271.247409599,1,18863452,0.008991188635137565,585.75,-1,585.63,18,585.32,18,585.64,100,585.31,18,585.65,980,585.29,200,585.75,200,585.23,100,585.77,100,585.2,200,0.5,2.2800883306219286
34272.833504834,1,18905925,0.004495594317568782,585.64,-1,585.64,100,585.38,18,585.65,980,585.36,118,585.75,200,585.34,200,585.78,100,585.23,100,585.8,200,585.22,200,0.15254237288135594,1.1400441653109643
34272.835953033,1,18906526,0.008991188635137565,585.77,-1,585.64,100,585.38,18,585.65,980,585.36,118,585.77,200,585.34,200,585.78,100,585.23,100,585.8,200,585.22,200,0.15254237288135594,2.2800883306219286
34274.644102406,1,18948758,0.0008092069771623809,585.64,-1,585.61,18,585.4,18,585.62,18,585.39,200,585.63,18,585.22,200,585.64,118,585.2,200,585.65,980,585.1,305,0.5,0.20520794975597356
34276.520426834,3,18948753,0.0008092069771623809,585.61,-1,585.62,18,585.4,18,585.63,18,585.39,200,585.64,118,585.24,100,585.65,980,585.22,200,585.77,200,585.2,200,0.5,0.20520794975597356
34277.377202932,5,0,0.004495594317568782,585.615,-1,585.63,100,585.39,218,585.65,980,585.24,100,585.77,200,585.22,200,585.78,100,585.2,200,585.8,200,585.1,305,0.6855345911949685,1.1400441653109643
34277.788681693,3,18992668,0.0008092069771623809,585.39,1,585.64,300,585.39,200,585.65,1080,585.24,100,585.77,200,585.22,200,585.78,100,585.2,200,585.8,200,585.1,305,0.4,0.20520794975597356
34278.184801559,1,19039904,0.004495594317568782,585.62,-1,585.62,200,585.39,200,585.64,100,585.24,100,585.65,1080,585.22,200,585.78,100,585.2,200,585.8,200,585.1,305,0.5,1.1400441653109643
34278.97270665,1,19057044,0.004495594317568782,585.61,-1,585.61,100,585.44,18,585.63,100,585.43,168,585.65,1080,585.39,200,585.78,100,585.24,100,585.8,200,585.22,200,0.15254237288135594,1.1400441653109643
34279.615683663,1,19069153,0.004495594317568782,585.61,-1,585.61,100,585.43,150,585.62,118,585.39,200,585.65,1080,585.24,100,585.78,100,585.22,200,585.8,200,585.2,200,0.6,1.1400441653109643
34281.153175782,1,19107439,0.004495594317568782,585.63,-1,585.63,200,585.44,18,585.65,1080,585.43,168,585.78,100,585.34,200,585.8,200,585.24,100,585.81,200,585.22,200,0.08256880733944955,1.1400441653109643
34283.545025965,3,19119043,0.004495594317568782,585.63,-1,585.62,200,585.47,18,585.63,100,585.46,18,585.65,980,585.44,20,585.77,200,585.43,150,585.78,100,585.29,200,0.08256880733944955,1.1400441653109643
34283.723160398,3,19169737,0.000764251033986693,585.47,1,585.62,300,585.44,20,585.65,980,585.43,150,585.77,200,585.29,200,585.78,100,585.24,100,585.8,200,585.22,200,0.0625,0.1938075081028639
34284.336015114,5,0,0.004495594317568782,585.56,-1,585.6,200,585.3,18,585.65,980,585.24,300,585.67,200,585.22,200,585.78,100,585.2,200,585.8,200,585.1,305,0.08256880733944955,1.1400441653109643
34284.367761273,1,19192216,0.004495594317568782,585.59,-1,585.59,300,585.31,7,585.65,980,585.3,18,585.67,200,585.24,300,585.78,100,585.22,200,585.8,200,585.2,200,0.02280130293159609,1.1400441653109643
34284.374279029,1,19192554,0.0008092069771623809,585.57,-1,585.56,18,585.31,7,585.57,18,585.3,18,585.59,300,585.24,300,585.65,980,585.22,200,585.67,200,585.2,200,0.28,0.20520794975597356
34284.374847828,3,19186534,0.004495594317568782,585.59,-1,585.56,118,585.31,7,585.57,18,585.3,18,585.58,18,585.24,300,585.59,218,585.22,200,585.65,980,585.2,200,0.056,1.1400441653109643
34284.52489753,3,19192551,0.0008092069771623809,585.56,-1,585.56,200,585.26,16,585.58,18,585.25,35,585.59,100,585.24,300,585.65,980,585.22,200,585.67,200,585.2,200,0.07407407407407407,0.20520794975597356
34284.887590191,3,19182248,0.004495594317568782,585.24,1,585.56,200,585.27,18,585.59,100,585.26,7,585.65,980,585.24,100,585.67,200,585.22,200,585.78,100,585.2,200,0.08256880733944955,1.1400441653109643
34284.888464312,1,19208658,0.004495594317568782,585.19,1,585.56,200,585.24,100,585.59,100,585.22,200,585.65,980,585.2,200,585.67,200,585.19,200,585.78,100,585.1,305,0.3333333333333333,1.1400441653109643
34285.250565561,3,19216770,0.004495594317568782,585.53,-1,585.51,200,585.24,300,585.55,100,585.22,200,585.65,980,585.2,200,585.67,200,585.1,305,585.78,100,585.05,101,0.6,1.1400441653109643
34285.299809209,1,19218466,0.004495594317568782,585.49,-1,585.49,100,585.24,300,585.51,100,585.22,200,585.55,100,585.2,200,585.65,980,585.1,305,585.67,200,585.05,101,0.75,1.1400441653109643
34285.901861347,5,0,0.004495594317568782,585.46,-1,585.47,200,585.27,18,585.48,100,585.24,100,585.49,100,585.22,200,585.65,980,585.2,200,585.67,200,585.19,100,0.08256880733944955,1.1400441653109643
34286.081039337,3,19230785,0.004495594317568782,585.46,-1,585.42,200,585.27,23,585.48,100,585.24,100,585.65,980,585.22,200,585.67,200,585.2,200,585.78,100,585.19,200,0.1031390134529148,1.1400441653109643
34286.254550803,3,18987990,0.004495594317568782,585.24,1,585.42,200,585.27,23,585.48,100,585.22,200,585.65,980,585.2,200,585.67,200,585.19,200,585.78,100,585.1,305,0.1031390134529148,1.1400441653109643
34287.666460737,3,19229357,0.004495594317568782,585.48,-1,585.4,275,585.27,18,585.62,100,585.26,7,585.65,980,585.22,200,585.78,100,585.2,200,585.8,200,585.19,200,0.06143344709897611,1.1400441653109643
34287.721959873,5,0,0.021668764610681533,585.25,1,585.54,100,585.22,200,585.65,980,585.2,200,585.78,100,585.19,200,585.8,200,585.1,305,585.81,200,585.05,101,0.6666666666666666,5.495012876798848
34287.722662487,5,0,0.008991188635137565,585.23,1,585.53,36,585.22,200,585.54,118,585.2,200,585.65,980,585.19,200,585.78,100,585.1,305,585.8,200,585.05,101,0.847457627118644,2.2800883306219286
34287.72490125,3,19268832,0.004495594317568782,585.19,1,585.51,18,585.22,66,585.52,118,585.2,200,585.53,36,585.1,305,585.54,118,585.05,101,585.65,980,585.04,35,0.7857142857142857,1.1400441653109643
34287.739422722,2,19275977,0.004495594317568782,585.06,1,585.5,6,585.1,305,585.51,118,585.06,100,585.52,118,585.05,101,585.53,36,585.04,35,585.54,118,585.01,500,0.9807073954983923,1.1400441653109643
34287.941252975,4,1366993,0.0001798237727027513,585.0,1,585.27,100,585.0,4967,585.28,100,584.99,2,585.45,18,584.97,5,585.47,18,584.95,50,585.48,18,584.93,300,0.9802644562857706,0.04560176661243857
34287.98195981,3,19278155,0.004495594317568782,585.28,-1,585.27,100,585.0,4759,585.54,100,584.99,2,585.65,980,584.97,5,585.78,100,584.95,50,585.8,200,584.93,300,0.9794196336694793,1.1400441653109643
34287.993934427,1,19281754,0.0004495594317568783,585.0,1,585.27,300,585.0,4859,585.54,100,584.99,2,585.65,980,584.97,5,585.78,100,584.95,50,585.8,200,584.93,300,0.9418491955805388,0.11400441653109643
34287.994584668,1,19281765,0.00022477971587843914,585.0,1,585.27,300,585.0,4869,585.54,100,584.99,2,585.65,980,584.97,5,585.78,100,584.95,50,585.8,200,584.93,300,0.9419616947185142,0.057002208265548214
34288.029553147,3,3561189,4.4955943175687825e-05,585.0,1,585.27,300,585.0,4850,585.54,100,584.99,2,585.65,980,584.97,5,585.78,100,584.95,50,585.8,200,584.93,300,0.941747572815534,0.011400441653109642
34288.724858418,3,19291356,0.004495594317568782,585.15,-1,585.04,300,585.0,4224,585.12,120,584.99,2,585.54,100,584.97,5,585.65,980,584.95,50,585.78,100,584.93,300,0.9336870026525199,1.1400441653109643
34288.725439872,4,19300154,0.002247797158784391,585.01,-1,585.01,200,584.99,2,585.04,300,584.97,5,585.1,20,584.95,50,585.12,100,584.93,300,585.54,100,584.9,50,0.009900990099009901,0.5700220826554822
34288.72553753,3,19300157,0.002247797158784391,585.01,-1,585.01,100,584.95,50,585.04,300,584.93,300,585.1,20,584.9,50,585.12,100,584.8,20,585.54,100,584.69,10,0.3333333333333333,0.5700220826554822
34288.792973233,3,19301336,0.004495594317568782,584.74,1,584.97,100,584.8,20,584.99,100,584.69,10,585.02,20,584.67,100,585.04,300,584.65,300,585.11,100,584.63,5,0.16666666666666666,1.1400441653109643
34290.676505816,1,19334350,0.004495594317568782,584.62,1,584.93,100,584.69,10,584.97,100,584.65,300,585.02,20,584.63,5,585.54,200,584.62,105,585.65,980,584.61,5,0.09090909090909091,1.1400441653109643
34293.270308721,5,0,0.002292753101960079,584.72,1,584.95,200,584.65,27,585.02,20,584.63,5,585.13,100,584.62,5,585.5,50,584.61,5,585.65,980,584.6,5,0.11894273127753303,0.5814225243085918
34297.209845157,5,0,0.002517532817838518,584.92,-1,584.93,100,584.65,27,584.94,2,584.64,20,585.02,20,584.63,105,585.13,100,584.62,5,585.5,50,584.61,5,0.2125984251968504,0.6384247325741399
34297.560045359,5,0,0.004495594317568782,584.79,1,584.93,100,584.65,27,584.94,2,584.64,20,585.02,20,584.63,105,585.13,100,584.62,5,585.5,50,584.61,5,0.2125984251968504,1.1400441653109643
34297.635945497,4,11438128,0.0012138104657435714,584.65,1,584.93,100,584.64,20,584.94,2,584.63,105,585.02,20,584.62,5,585.13,100,584.61,5,585.5,50,584.6,5,0.16666666666666666,0.30781192463396034
34297.635945497,5,0,8.991188635137565e-05,584.64,1,584.93,100,584.63,105,584.94,2,584.62,5,585.02,20,584.61,5,585.13,100,584.6,5,585.5,50,584.59,5,0.5121951219512195,0.022800883306219284
34303.505706231,3,19621256,0.004495594317568782,585.0,-1,584.9,100,584.6,5,584.94,2,584.59,5,585.02,20,584.58,5,585.4,50,584.57,130,585.44,100,584.56,105,0.047619047619047616,1.1400441653109643
34303.56503623,1,19622978,0.004495594317568782,585.05,-1,584.9,100,584.6,5,584.94,2,584.59,5,585.02,20,584.58,5,585.05,100,584.57,130,585.4,50,584.56,105,0.047619047619047616,1.1400441653109643
34305.098815535,5,0,0.0022028412156087033,584.93,-1,584.94,102,584.6,5,585.02,20,584.59,5,585.05,100,584.58,5,585.4,50,584.57,130,585.44,100,584.56,105,0.04672897196261682,0.5586216410023724
34305.09956531,3,19300249,0.0008991188635137566,585.02,-1,585.05,100,584.6,5,585.11,200,584.59,5,585.4,50,584.58,5,585.44,100,584.57,130,585.48,100,584.56,105,0.047619047619047616,0.22800883306219286
34305.100919551,5,0,0.002517532817838518,585.04,-1,585.05,100,585.0,100,585.07,20,584.6,5,585.11,200,584.59,5,585.4,50,584.58,5,585.44,100,584.57,130,0.5,0.6384247325741399
34305.131106991,3,19674308,0.004495594317568782,585.27,-1,585.25,200,584.6,105,585.4,50,584.59,5,585.44,100,584.58,5,585.48,100,584.57,130,585.5,50,584.56,105,0.3442622950819672,1.1400441653109643
34305.199907331,3,19675926,0.008991188635137565,585.27,-1,585.4,50,584.6,105,585.44,100,584.59,5,585.48,100,584.58,5,585.5,50,584.57,130,585.55,100,584.56,105,0.6774193548387096,2.2800883306219286
34307.104120319,3,19715367,0.004495594317568782,585.13,-1,585.4,50,584.67,120,585.44,100,584.6,5,585.48,100,584.59,5,585.5,50,584.58,5,585.55,100,584.57,130,0.7058823529411765,1.1400441653109643
34307.277117649,5,0,0.0001348678295270635,585.18,-1,585.22,100,584.67,120,585.4,50,584.6,5,585.44,100,584.59,5,585.48,100,584.58,5,585.5,50,584.57,130,0.5454545454545454,0.034201324959328934
34309.163231458,3,19773188,0.008991188635137565,584.88,1,585.3,100,584.88,100,585.4,50,584.67,20,585.42,100,584.6,5,585.44,100,584.59,5,585.48,100,584.58,5,0.5,2.2800883306219286
34309.799235274,3,19791619,4.4955943175687825e-05,585.35,-1,585.05,100,584.88,100,585.36,18,584.67,20,585.37,18,584.6,5,585.38,18,584.59,5,585.39,18,584.58,5,0.5,0.011400441653109642
34309.998626877,1,19800616,0.0008092069771623809,585.39,-1,585.36,18,584.88,100,585.37,18,584.67,20,585.38,18,584.6,5,585.39,19,584.59,5,585.4,50,584.58,5,0.847457627118644,0.20520794975597356
34309.998690006,3,19798988,4.4955943175687825e-05,585.39,-1,585.36,18,584.88,100,585.37,18,584.67,20,585.38,18,584.6,5,585.39,18,584.59,5,585.4,50,584.58,5,0.847457627118644,0.011400441653109642
34310.116709507,3,19808795,0.004495594317568782,585.05,-1,585.04,1,584.88,100,585.32,18,584.67,20,585.33,18,584.6,5,585.36,18,584.59,5,585.37,18,584.58,5,0.9900990099009901,1.1400441653109643
34310.154952328,1,19815063,0.004495594317568782,585.05,-1,585.05,100,584.88,100,585.39,1,584.67,20,585.4,50,584.6,5,585.42,100,584.59,5,585.44,100,584.58,5,0.5,1.1400441653109643
34310.231617827,3,19817791,4.4955943175687825e-05,585.39,-1,585.04,100,584.88,100,585.4,50,584.67,20,585.42,100,584.6,5,585.44,100,584.59,5,585.48,100,584.58,5,0.5,0.011400441653109642
34310.31558608,3,19818308,4.4955943175687825e-05,585.24,-1,585.23,18,584.88,100,585.24,18,584.67,20,585.25,100,584.6,5,585.4,50,584.59,5,585.42,100,584.58,5,0.847457627118644,0.011400441653109642
34310.324496269,1,19823415,4.4955943175687825e-05,585.04,-1,585.04,1,584.88,100,585.05,100,584.67,20,585.23,18,584.6,5,585.24,18,584.59,5,585.25,100,584.58,5,0.9900990099009901,0.011400441653109642
34311.296234167,3,19845675,0.004495594317568782,585.06,-1,585.05,1,584.88,100,585.4,50,584.67,20,585.42,100,584.6,5,585.44,100,584.59,5,585.48,100,584.58,5,0.9900990099009901,1.1400441653109643
34311.311752092,3,19773190,0.004495594317568782,584.88,1,585.04,1,585.0,120,585.05,100,584.67,20,585.4,50,584.6,5,585.42,100,584.59,5,585.44,100,584.58,5,0.9917355371900827,1.1400441653109643
34311.550232187,3,19849483,4.4955943175687825e-05,585.04,-1,585.4,50,584.67,20,585.42,100,584.6,5,585.44,100,584.59,5,585.48,100,584.58,5,585.5,50,584.57,130,0.2857142857142857,0.011400441653109642
34311.550232187,1,19851760,4.4955943175687825e-05,585.39,-1,585.39,1,584.67,20,585.4,50,584.6,5,585.42,100,584.59,5,585.44,100,584.58,5,585.48,100,584.57,130,0.9523809523809523,0.011400441653109642
34311.652984135,1,19853122,4.4955943175687825e-05,585.24,-1,585.24,1,584.67,20,585.25,100,584.6,5,585.36,18,584.59,5,585.37,18,584.58,5,585.38,18,584.57,130,0.9523809523809523,0.011400441653109642
34312.163954406,1,19864036,4.4955943175687825e-05,585.24,-1,585.24,1,584.67,20,585.25,100,584.6,5,585.4,50,584.59,5,585.42,100,584.58,5,585.44,100,584.57,130,0.9523809523809523,0.011400441653109642
34312.364845901,3,19867474,0.004495594317568782,585.05,-1,585.04,1,584.67,20,585.25,100,584.6,5,585.4,50,584.59,5,585.42,100,584.58,5,585.44,100,584.57,130,0.9523809523809523,1.1400441653109643
34312.36495913,1,19868862,4.4955943175687825e-05,585.24,-1,585.24,1,584.67,20,585.25,100,584.6,5,585.4,50,584.59,5,585.42,100,584.58,5,585.44,100,584.57,130,0.9523809523809523,0.011400441653109642
34312.580816364,1,19873203,0.0008092069771623809,585.23,-1,585.23,18,584.67,20,585.24,19,584.6,5,585.25,100,584.59,5,585.4,50,584.58,5,585.42,100,584.57,130,0.5263157894736842,0.20520794975597356
34312.838170779,1,19877346,0.004495594317568782,585.06,-1,585.06,100,584.85,100,585.24,1,584.67,20,585.25,100,584.6,5,585.4,150,584.59,5,585.42,100,584.58,5,0.5,1.1400441653109643
34313.005466811,3,19880004,4.4955943175687825e-05,585.03,-1,585.25,100,584.85,100,585.4,150,584.67,20,585.42,100,584.6,5,585.44,100,584.59,5,585.48,100,584.58,5,0.5,0.011400441653109642
34314.089811483,1,19901981,4.4955943175687825e-05,585.39,-1,585.39,1,584.85,100,585.4,150,584.67,120,585.42,100,584.6,5,585.44,100,584.59,5,585.48,100,584.58,5,0.9900990099009901,0.011400441653109642
34314.162400629,3,19903753,4.4955943175687825e-05,585.04,-1,585.4,150,584.85,100,585.42,100,584.67,120,585.44,100,584.6,5,585.48,100,584.59,5,585.5,50,584.58,5,0.4,0.011400441653109642
34315.406508125,3,19923160,0.004495594317568782,585.15,-1,585.13,2,584.85,100,585.14,100,584.67,120,585.4,150,584.6,5,585.44,100,584.59,5,585.48,100,584.58,5,0.9803921568627451,1.1400441653109643
34318.071429248,4,19960626,0.0008092069771623809,585.16,-1,585.16,82,584.85,100,585.28,100,584.69,100,585.4,150,584.67,20,585.44,100,584.6,5,585.48,100,584.59,5,0.5494505494505495,0.20520794975597356
34323.423567265,1,20101430,0.004495594317568782,585.25,-1,585.25,100,585.01,147,585.3,100,584.99,100,585.38,100,584.85,100,585.4,50,584.69,100,585.44,100,584.67,20,0.5951417004048583,1.1400441653109643
34327.983508483,3,20128132,0.004495594317568782,585.03,1,585.27,400,585.04,100,585.4,50,584.88,300,585.44,100,584.85,100,585.48,100,584.83,100,585.5,100,584.82,300,0.2,1.1400441653109643
34328.040933924,1,20203297,0.004495594317568782,585.03,1,585.27,400,585.04,100,585.4,50,585.03,100,585.44,100,584.99,100,585.48,100,584.88,300,585.5,100,584.85,100,0.2,1.1400441653109643
34328.453964612,2,20205860,0.004495594317568782,585.41,-1,585.27,400,585.04,100,585.4,50,585.02,100,585.41,100,584.88,300,585.44,100,584.85,100,585.48,100,584.83,100,0.2,1.1400441653109643
34330.614271805,3,20282792,0.004495594317568782,585.4,-1,585.44,100,585.17,100,585.48,100,585.04,100,585.5,100,584.88,300,585.54,100,584.85,100,585.64,980,584.83,100,0.5,1.1400441653109643
34330.712575107,3,20283838,0.004495594317568782,584.99,1,585.23,100,585.04,100,585.44,100,584.88,300,585.48,100,584.85,100,585.5,100,584.83,100,585.54,100,584.82,300,0.5,1.1400441653109643
34332.706835913,3,20196897,0.004495594317568782,584.83,1,585.23,100,585.04,100,585.44,100,585.01,20,585.5,100,584.88,300,585.54,100,584.85,100,585.64,980,584.82,300,0.5,1.1400441653109643
34332.758102457,1,20319722,0.044955943175687824,585.0,1,585.23,100,585.04,100,585.44,100,585.01,20,585.5,100,585.0,1000,585.54,100,584.88,300,585.64,980,584.85,100,0.5,11.400441653109642
34334.192748733,1,20342338,0.004495594317568782,585.22,-1,585.22,100,585.04,100,585.23,100,585.01,20,585.37,15,585.0,1000,585.44,100,584.95,100,585.5,100,584.88,300,0.5,1.1400441653109643
34335.407283099,3,20377616,0.004495594317568782,585.18,-1,585.23,100,585.04,100,585.37,15,585.01,20,585.44,100,585.0,1000,585.5,100,584.95,100,585.54,100,584.92,100,0.5,1.1400441653109643
34335.65299059,4,20319722,0.008991188635137565,585.0,1,585.2,100,585.0,391,585.23,100,584.95,100,585.37,15,584.92,100,585.44,100,584.88,300,585.5,100,584.85,100,0.7963340122199593,2.2800883306219286
34336.604255673,5,0,0.004495594317568782,585.075,-1,585.2,113,584.95,100,585.37,15,584.88,300,585.39,100,584.85,100,585.44,100,584.82,300,585.5,100,584.8,98,0.4694835680751174,1.1400441653109643
34338.794834055,4,20124860,0.0008991188635137566,584.88,1,585.2,113,584.85,100,585.32,200,584.82,300,585.37,15,584.8,298,585.39,100,584.69,100,585.44,100,584.67,20,0.4694835680751174,0.22800883306219286
34339.154486746,1,20454034,0.004495594317568782,585.33,-1,585.2,113,584.85,26,585.31,15,584.82,300,585.33,100,584.8,298,585.39,100,584.69,100,585.44,100,584.67,20,0.18705035971223022,1.1400441653109643
34340.511099215,1,20485249,0.0006743391476353174,585.05,-1,585.05,15,584.85,26,585.2,113,584.82,300,585.33,100,584.8,198,585.39,100,584.69,100,585.44,100,584.61,63,0.6341463414634146,0.17100662479664464
34346.945487579,3,20635807,0.004495594317568782,585.21,-1,585.2,1,584.85,26,585.33,100,584.82,300,585.44,100,584.8,198,585.47,100,584.79,100,585.5,100,584.69,100,0.9629629629629629,1.1400441653109643
34347.294235903,3,20644964,4.4955943175687825e-05,585.32,-1,585.31,18,584.85,26,585.32,18,584.82,300,585.33,100,584.8,198,585.44,100,584.79,100,585.47,100,584.69,100,0.5909090909090909,0.011400441653109642
34347.298585666,1,20646845,4.4955943175687825e-05,585.2,-1,585.2,1,584.85,26,585.21,100,584.82,300,585.31,18,584.8,198,585.32,18,584.79,100,585.33,100,584.69,100,0.9629629629629629,0.011400441653109642
34347.47645054,3,20454034,0.004495594317568782,585.33,-1,585.2,1,584.85,26,585.21,100,584.82,300,585.22,200,584.8,198,585.44,100,584.79,100,585.47,100,584.69,100,0.9629629629629629,1.1400441653109643
34347.52144158,1,20651395,4.4955943175687825e-05,585.21,-1,585.21,1,584.85,26,585.22,200,584.82,300,585.44,100,584.8,198,585.47,100,584.79,100,585.5,100,584.69,100,0.9629629629629629,0.011400441653109642
34349.857876773,3,20746074,4.4955943175687825e-05,585.39,-1,585.21,100,584.85,26,585.4,18,584.82,300,585.41,18,584.8,98,585.42,18,584.72,200,585.43,18,584.69,100,0.20634920634920634,0.011400441653109642
34353.019211267,1,20818430,0.004495594317568782,584.86,1,585.18,1,584.86,120,585.19,1,584.85,26,585.21,100,584.82,300,585.33,100,584.8,98,585.44,100,584.79,100,0.9917355371900827,1.1400441653109643
34361.542586508,3,20340616,0.004405682431217407,584.8,1,585.14,201,584.8,20,585.15,100,584.73,100,585.2,100,584.69,100,585.44,100,584.64,300,585.47,100,584.61,263,0.09049773755656108,1.1172432820047449
34372.228949873,4,21200369,0.002247797158784391,585.01,1,585.2,100,585.01,50,585.27,100,585.0,98,585.44,100,584.96,74,585.47,100,584.94,20,585.5,50,584.91,100,0.3333333333333333,0.5700220826554822
34372.811192092,3,20514091,0.004495594317568782,585.47,-1,585.2,100,585.01,50,585.27,100,585.0,98,585.44,100,584.96,74,585.5,50,584.94,20,585.64,980,584.91,100,0.3333333333333333,1.1400441653109643
34374.081030289,1,21228353,0.002517532817838518,585.01,1,585.09,100,585.02,100,585.2,100,585.01,71,585.27,100,585.0,158,585.44,100,584.96,274,585.5,50,584.94,20,0.5,0.6384247325741399
34375.943051955,1,21257865,0.004495594317568782,585.21,1,585.27,100,585.21,100,585.44,100,585.03,100,585.5,50,585.01,137,585.64,980,585.0,158,585.75,200,584.96,274,0.5,1.1400441653109643
34375.949441599,1,21258089,0.004495594317568782,585.17,1,585.37,100,585.17,100,585.44,100,585.03,100,585.5,50,585.01,137,585.64,980,585.0,158,585.78,200,584.96,274,0.5,1.1400441653109643
34375.950564427,1,21258123,0.004495594317568782,585.16,1,585.37,100,585.16,100,585.44,100,585.03,100,585.5,50,585.01,137,585.64,980,585.0,158,585.78,200,584.96,274,0.5,1.1400441653109643
34376.02122329,3,21259625,0.004495594317568782,585.22,1,585.33,100,585.22,300,585.44,100,585.01,137,585.5,50,585.0,158,585.64,980,584.98,200,585.8,300,584.96,274,0.75,1.1400441653109643
34376.022335411,1,21259710,0.004495594317568782,585.18,1,585.33,100,585.22,300,585.44,100,585.18,100,585.5,50,585.01,137,585.64,980,585.0,158,585.8,300,584.98,200,0.75,1.1400441653109643
34376.024231881,3,21259762,0.004495594317568782,585.22,1,585.33,100,585.22,300,585.41,100,585.01,137,585.44,100,585.0,158,585.5,50,584.98,200,585.64,980,584.96,274,0.75,1.1400441653109643
34376.029542086,1,21259983,0.004495594317568782,585.22,1,585.33,100,585.22,400,585.41,100,585.01,137,585.44,100,585.0,158,585.5,50,584.98,100,585.64,980,584.96,274,0.8,1.1400441653109643
34376.030113652,3,21259983,0.004495594317568782,585.22,1,585.33,100,585.22,300,585.41,100,585.01,137,585.44,100,585.0,158,585.5,50,584.98,100,585.64,980,584.96,274,0.75,1.1400441653109643
34376.035980769,1,21260125,0.004495594317568782,585.22,1,585.33,100,585.22,400,585.43,100,585.01,137,585.44,100,585.0,158,585.5,50,584.98,100,585.64,980,584.96,274,0.8,1.1400441653109643
34376.037966927,3,21260145,0.004495594317568782,585.22,1,585.33,100,585.22,300,585.43,100,585.01,137,585.44,100,585.0,158,585.5,50,584.98,100,585.64,980,584.96,274,0.75,1.1400441653109643
34376.086735919,3,21260055,0.004495594317568782,585.43,-1,585.33,100,585.23,100,585.44,100,585.22,300,585.5,50,585.01,137,585.64,980,585.0,158,585.8,300,584.98,100,0.5,1.1400441653109643
34376.481318291,1,21267181,0.004495594317568782,585.24,1,585.33,45,585.24,200,585.44,100,585.22,300,585.47,200,585.01,137,585.5,50,585.0,158,585.64,980,584.98,100,0.8163265306122449,1.1400441653109643
34378.876267768,5,0,0.002247797158784391,585.41,-1,585.43,68,585.27,100,585.44,100,585.25,75,585.47,200,585.01,137,585.5,50,585.0,158,585.64,980,584.98,100,0.5952380952380952,0.5700220826554822
34379.284428177,4,19509583,0.004495594317568782,585.44,-1,585.47,200,585.31,100,585.5,50,585.3,175,585.64,980,585.01,137,585.8,300,585.0,158,585.82,200,584.98,100,0.3333333333333333,1.1400441653109643
34379.285207632,1,21306877,0.004495594317568782,585.32,1,585.5,50,585.32,100,585.64,980,585.31,100,585.8,300,585.3,75,585.82,200,585.01,137,585.85,120,585.0,158,0.6666666666666666,1.1400441653109643
34379.287656784,3,21306884,0.008991188635137565,585.48,-1,585.5,50,585.32,100,585.64,980,585.31,100,585.8,300,585.3,75,585.82,200,585.01,137,585.85,120,585.0,158,0.6666666666666666,2.2800883306219286
34379.849679343,3,21313799,0.004495594317568782,585.53,-1,585.59,200,585.32,200,585.64,980,585.3,75,585.8,300,585.01,137,585.82,200,585.0,158,585.85,120,584.98,100,0.5,1.1400441653109643
34380.226290292,1,21322613,0.004495594317568782,585.37,1,585.64,980,585.37,100,585.72,200,585.32,100,585.8,300,585.3,75,585.82,200,585.01,137,585.85,120,585.0,158,0.09259259259259259,1.1400441653109643
34380.656238205,5,0,0.0013936342384463225,585.62,-1,585.64,980,585.41,100,585.72,200,585.4,253,585.8,300,585.37,75,585.82,200,585.01,137,585.85,120,585.0,158,0.09259259259259259,0.3534136912463989
34381.160041281,3,21332612,0.004495594317568782,585.41,1,585.64,980,585.43,253,585.72,200,585.41,75,585.8,300,585.4,100,585.82,200,585.01,137,585.85,120,585.0,158,0.20519059205190593,1.1400441653109643
34381.160187277,3,21334071,0.004495594317568782,585.4,1,585.64,980,585.44,100,585.72,200,585.43,253,585.8,300,585.41,75,585.82,200,585.01,137,585.85,120,585.0,158,0.09259259259259259,1.1400441653109643
34381.210936776,3,21358725,0.004495594317568782,585.44,1,585.63,69,585.44,100,585.64,980,585.41,75,585.72,100,585.01,137,585.8,300,585.0,158,585.82,200,584.98,100,0.591715976331361,1.1400441653109643
34381.364643613,3,21359693,0.00310196007912246,585.63,-1,585.64,980,585.44,100,585.72,100,585.36,75,585.8,300,585.32,100,585.82,200,585.01,137,585.85,120,585.0,158,0.09259259259259259,0.7866304740645653
34381.367148926,3,21360064,0.004495594317568782,585.32,1,585.64,980,585.44,100,585.72,100,585.36,75,585.8,300,585.01,137,585.82,200,585.0,158,585.85,120,584.96,274,0.09259259259259259,1.1400441653109643
34382.32708113,3,21358768,0.004495594317568782,585.44,1,585.64,980,585.5,276,585.72,100,585.45,75,585.8,300,585.01,137,585.82,200,585.0,60,585.85,120,584.96,74,0.2197452229299363,1.1400441653109643
34382.328705269,1,21382624,0.004495594317568782,585.5,1,585.64,980,585.5,376,585.72,100,585.45,75,585.8,300,585.01,137,585.82,200,585.0,60,585.85,120,584.96,74,0.27728613569321536,1.1400441653109643
34383.50184368,3,21396629,0.008002157885272433,585.52,1,585.64,880,585.52,75,585.77,200,585.5,198,585.8,300,585.01,137,585.82,200,585.0,60,585.85,120,584.96,74,0.07853403141361257,2.029278614253516
34383.551715641,1,21399659,0.008991188635137565,585.15,1,585.61,18,585.15,200,585.62,18,585.01,137,585.63,118,585.0,60,585.64,998,584.96,74,585.76,200,584.94,120,0.9174311926605505,2.2800883306219286
34383.552195618,3,21399659,0.008991188635137565,585.15,1,585.61,18,585.01,137,585.62,18,585.0,60,585.63,118,584.96,74,585.64,998,584.94,120,585.76,200,584.85,54,0.8838709677419355,2.2800883306219286
34383.566404473,3,21400015,0.008991188635137565,585.15,1,585.58,18,585.16,200,585.59,18,585.01,137,585.61,18,585.0,60,585.62,18,584.96,74,585.63,118,584.94,120,0.9174311926605505,2.2800883306219286
34383.594669944,1,21400623,0.008991188635137565,585.17,1,585.58,18,585.17,200,585.59,18,585.16,200,585.61,18,585.01,137,585.62,18,585.0,60,585.63,118,584.96,74,0.9174311926605505,2.2800883306219286
34384.531133997,5,0,0.004495594317568782,585.63,-1,585.64,980,585.01,137,585.77,200,585.0,60,585.8,300,584.99,200,585.82,200,584.96,74,585.85,120,584.94,120,0.12264995523724262,1.1400441653109643
34385.245231514,1,21427476,0.009036144578313253,585.27,1,585.64,980,585.27,201,585.72,200,585.14,100,585.8,300,585.13,100,585.82,200,585.04,100,585.85,120,585.01,137,0.170194750211685,2.291488772275038
34385.2475138,1,21427532,0.009036144578313253,585.27,1,585.64,980,585.27,201,585.72,200,585.14,100,585.8,300,585.13,100,585.82,200,585.04,100,585.85,120,585.01,137,0.170194750211685,2.291488772275038
34385.273197798,1,21428230,0.009036144578313253,585.27,1,585.64,980,585.27,201,585.72,200,585.14,100,585.8,300,585.13,100,585.82,200,585.04,100,585.85,120,585.01,137,0.170194750211685,2.291488772275038
34385.28081794,3,21428393,0.009036144578313253,585.27,1,585.64,980,585.14,100,585.72,200,585.13,100,585.8,300,585.04,100,585.82,200,585.01,137,585.85,120,585.0,60,0.09259259259259259,2.291488772275038
34385.327344692,1,21429509,0.009036144578313253,585.27,1,585.64,980,585.27,201,585.72,200,585.14,100,585.8,300,585.13,100,585.82,200,585.04,100,585.85,120,585.01,137,0.170194750211685,2.291488772275038
34385.332937307,3,21429580,0.009036144578313253,585.27,1,585.64,980,585.14,100,585.72,200,585.13,100,585.8,300,585.04,100,585.82,200,585.01,137,585.85,120,585.0,60,0.09259259259259259,2.291488772275038
34386.240982633,1,21447212,0.0008092069771623809,585.62,-1,585.61,18,585.3,178,585.62,18,585.14,100,585.64,680,585.13,200,585.72,200,585.04,100,585.8,300,585.01,137,0.9081632653061225,0.20520794975597356
34386.270096544,1,21447678,0.0008092069771623809,585.6,-1,585.6,18,585.3,178,585.61,18,585.14,100,585.62,18,585.13,200,585.63,18,585.04,100,585.64,698,585.01,137,0.9081632653061225,0.20520794975597356
34386.625155737,1,21452939,0.0008092069771623809,585.64,-1,585.61,18,585.3,178,585.62,18,585.14,100,585.63,18,585.13,100,585.64,698,585.04,100,585.72,200,585.01,137,0.9081632653061225,0.20520794975597356
34387.370840922,1,21472505,0.0008092069771623809,585.58,-1,585.58,18,585.32,18,585.61,18,585.3,178,585.62,18,585.14,100,585.63,18,585.13,100,585.64,198,585.04,100,0.5,0.20520794975597356
34387.792493315,1,21483322,0.0067883474195288614,585.26,1,585.64,180,585.32,100,585.72,200,585.26,151,585.8,300,585.14,100,585.82,200,585.13,100,585.85,120,585.04,100,0.35714285714285715,1.721466689619556
34389.1693946,3,21508947,0.0067883474195288614,585.39,1,585.64,180,585.39,178,585.72,200,585.32,100,585.8,300,585.14,100,585.82,200,585.13,100,585.85,120,585.04,100,0.4972067039106145,1.721466689619556
34389.20383499,1,21509722,0.0067883474195288614,585.39,1,585.64,180,585.39,329,585.72,200,585.32,100,585.8,300,585.14,100,585.82,200,585.13,100,585.85,120,585.04,100,0.6463654223968566,1.721466689619556
34389.206135418,1,21509795,0.0067883474195288614,585.39,1,585.64,180,585.39,329,585.72,200,585.32,100,585.8,300,585.14,100,585.82,200,585.13,100,585.85,120,585.04,100,0.6463654223968566,1.721466689619556
34389.730774145,3,21515548,0.004495594317568782,585.09,1,585.58,100,585.14,100,585.62,200,585.13,100,585.64,180,585.01,137,585.8,300,584.96,74,585.82,200,584.94,120,0.5,1.1400441653109643
34390.832214657,1,21543665,0.0008092069771623809,585.17,1,585.56,18,585.17,18,585.59,18,585.14,100,585.6,18,585.13,100,585.61,18,585.08,100,585.62,218,585.01,137,0.5,0.20520794975597356
34390.832357078,3,21532915,0.0008092069771623809,585.62,-1,585.6,18,585.17,18,585.61,18,585.14,100,585.62,200,585.13,100,585.64,180,585.08,100,585.8,300,585.01,137,0.5,0.20520794975597356
34393.883078154,3,21575370,0.0008092069771623809,585.6,-1,585.56,18,585.17,18,585.57,200,585.14,100,585.59,18,585.13,100,585.61,18,585.08,100,585.62,18,585.04,100,0.5,0.20520794975597356
34393.883083856,3,21575373,0.0008092069771623809,585.62,-1,585.56,18,585.17,18,585.57,200,585.14,100,585.59,18,585.13,100,585.61,18,585.08,100,585.64,180,585.04,100,0.5,0.20520794975597356
34394.270510574,3,21601299,0.008991188635137565,585.57,-1,585.64,180,585.14,200,585.8,300,585.13,100,585.82,200,585.08,100,585.85,120,585.04,100,585.93,59,585.01,137,0.5263157894736842,2.2800883306219286
34394.27987173,1,21608236,0.004495594317568782,585.13,1,585.64,180,585.14,200,585.72,200,585.13,200,585.8,300,585.12,100,585.82,200,585.04,100,585.85,120,585.01,137,0.5263157894736842,1.1400441653109643
34394.966087666,3,21609401,0.0008092069771623809,585.63,-1,585.58,18,585.15,6,585.61,18,585.14,218,585.64,198,585.13,100,585.72,200,585.08,100,585.8,300,585.04,100,0.25,0.20520794975597356
34395.844312069,1,21634832,8.991188635137565e-05,585.21,1,585.64,153,585.21,2,585.72,200,585.18,24,585.8,300,585.14,200,585.82,200,585.13,100,585.85,120,585.08,100,0.012903225806451613,0.022800883306219284
34395.854541038,4,21637576,0.0008092069771623809,585.61,-1,585.62,18,585.22,4,585.63,18,585.21,2,585.64,45,585.18,24,585.72,200,585.14,200,585.8,300,585.13,100,0.18181818181818182,0.20520794975597356
34395.854541038,4,21456818,0.0012138104657435714,585.64,-1,585.64,18,585.22,4,585.72,200,585.21,2,585.8,300,585.18,24,585.82,200,585.14,200,585.85,120,585.13,100,0.18181818181818182,0.30781192463396034
34396.205962063,3,21647080,0.0008092069771623809,585.39,1,585.71,18,585.42,10,585.72,18,585.38,18,585.8,300,585.37,8,585.82,200,585.14,300,585.85,120,585.13,100,0.35714285714285715,0.20520794975597356
34396.434723264,3,21661761,0.0008092069771623809,585.14,1,585.78,200,585.41,20,585.8,300,585.17,18,585.82,200,585.16,2,585.85,120,585.14,300,585.93,59,585.13,100,0.09090909090909091,0.20520794975597356
34397.307211321,3,21685578,0.0008991188635137566,585.3,1,585.8,300,585.43,13,585.82,200,585.14,300,585.85,120,585.13,100,585.87,200,585.01,137,585.93,59,584.94,120,0.04153354632587859,0.22800883306219286
34397.312000802,3,21685714,0.0008991188635137566,585.42,1,585.8,300,585.43,13,585.82,200,585.14,300,585.85,120,585.13,100,585.87,200,585.01,137,585.93,59,584.94,120,0.04153354632587859,0.22800883306219286
34397.398037277,4,20786559,0.004495594317568782,585.8,-1,585.82,200,585.46,18,585.85,120,585.45,14,585.87,200,585.44,18,585.93,59,585.43,31,585.98,5,585.14,300,0.08256880733944955,1.1400441653109643
34397.398187241,4,20601257,0.004495594317568782,585.82,-1,585.82,100,585.46,18,585.85,120,585.45,14,585.87,200,585.44,18,585.93,59,585.43,31,585.98,5,585.14,300,0.15254237288135594,1.1400441653109643
34397.399762641,3,21687080,0.0008092069771623809,585.43,1,585.82,200,585.54,20,585.85,120,585.45,14,585.87,200,585.43,13,585.93,59,585.14,300,585.98,5,585.13,100,0.09090909090909091,0.20520794975597356
34397.463232017,1,21688533,0.0006293832044596295,585.55,1,585.85,120,585.56,18,585.87,200,585.55,14,585.93,59,585.54,18,585.98,5,585.53,38,585.99,15,585.43,13,0.13043478260869565,0.15960618314353497
34397.463720305,3,21688523,0.0008092069771623809,585.53,1,585.85,120,585.82,100,585.93,59,585.77,20,585.98,5,585.55,14,585.99,15,585.43,13,586.0,960,585.14,300,0.45454545454545453,0.20520794975597356
34397.46405304,4,18242052,0.0008991188635137566,585.85,-1,585.85,20,585.82,100,585.93,59,585.77,20,585.98,5,585.43,13,585.99,15,585.14,300,586.0,960,585.13,100,0.8333333333333334,0.22800883306219286
34397.46405304,4,19363442,0.0008991188635137566,585.85,-1,585.93,59,585.82,100,585.98,5,585.77,20,585.99,15,585.43,13,586.0,960,585.14,300,586.1,100,585.13,100,0.6289308176100629,0.22800883306219286
34397.508301306,1,21689403,0.004495594317568782,585.88,-1,585.88,100,585.82,120,585.89,200,585.43,13,585.93,59,585.14,300,585.98,5,585.13,100,585.99,15,585.01,137,0.5454545454545454,1.1400441653109643
34397.61480615,1,21691047,0.004495594317568782,585.88,-1,585.88,100,585.82,100,585.89,200,585.43,13,585.93,59,585.14,300,585.98,5,585.13,100,585.99,15,585.01,137,0.5,1.1400441653109643
34397.767379444,3,21693639,0.0008092069771623809,585.44,1,585.86,100,585.57,200,585.92,200,585.43,13,585.93,59,585.14,200,585.98,5,585.13,100,585.99,15,585.01,137,0.6666666666666666,0.20520794975597356
34397.829582763,1,21695226,0.004495594317568782,585.37,1,585.85,100,585.45,100,585.86,100,585.43,13,585.92,200,585.37,200,585.93,59,585.14,200,585.98,5,585.13,100,0.5,1.1400441653109643
34398.095640782,3,21695582,0.0008092069771623809,585.47,1,585.83,18,585.43,13,585.84,18,585.14,200,585.85,12,585.13,100,585.86,100,585.01,137,585.93,59,584.94,120,0.41935483870967744,0.20520794975597356
34398.098326819,5,0,0.0011238985793921956,585.8,-1,585.86,100,585.43,13,585.93,59,585.14,200,585.96,100,585.13,100,585.98,5,585.01,137,585.99,15,584.94,120,0.11504424778761062,0.2850110413277411
34398.111303949,3,21693632,0.004495594317568782,585.86,-1,585.93,59,585.46,6,585.96,100,585.44,18,585.98,5,585.43,31,585.99,15,585.42,200,586.0,960,585.14,200,0.09230769230769231,1.1400441653109643
34398.237303139,3,21705987,0.0008092069771623809,585.44,1,585.96,100,585.43,13,585.98,5,585.42,200,585.99,15,585.14,200,586.0,960,585.13,100,586.1,100,585.01,137,0.11504424778761062,0.20520794975597356
34399.175117652,4,3305469,0.0008092069771623809,586.0,-1,586.0,694,585.63,100,586.1,100,585.61,12,586.28,10,585.59,18,586.48,200,585.58,118,586.5,58,585.43,13,0.12594458438287154,0.20520794975597356
34399.175243732,1,21726365,0.000269735659054127,585.63,1,586.0,694,585.63,106,586.1,100,585.61,12,586.28,10,585.59,18,586.48,200,585.58,118,586.5,58,585.43,13,0.1325,0.06840264991865787
34399.213523637,3,21725106,0.004495594317568782,585.58,1,586.0,694,585.63,106,586.02,200,585.61,12,586.1,100,585.59,18,586.28,10,585.58,18,586.5,58,585.43,13,0.1325,1.1400441653109643
34399.233659364,1,21727895,0.004495594317568782,585.66,1,586.0,86,585.66,100,586.07,200,585.65,6,586.1,100,585.64,18,586.28,10,585.63,106,586.5,58,585.61,12,0.5376344086021505,1.1400441653109643
34399.267690022,1,21728408,0.008991188635137565,586.11,-1,586.1,100,585.66,118,586.11,200,585.65,6,586.28,10,585.64,18,586.5,58,585.63,106,586.57,4,585.61,12,0.5412844036697247,2.2800883306219286
34399.269962778,3,21728450,0.008991188635137565,586.18,-1,586.28,10,585.66,118,586.5,58,585.65,6,586.57,4,585.64,18,586.6,80,585.63,106,586.68,200,585.61,12,0.921875,2.2800883306219286
34399.316722088,1,21729268,0.004495594317568782,586.24,-1,586.24,200,585.66,118,586.28,10,585.65,6,586.5,58,585.64,18,586.57,4,585.63,100,586.6,80,585.43,13,0.3710691823899371,1.1400441653109643
34399.345656051,1,21729858,0.004495594317568782,586.17,-1,586.17,200,585.66,118,586.28,10,585.43,13,586.5,58,585.14,100,586.57,4,585.13,100,586.6,80,585.01,137,0.3710691823899371,1.1400441653109643
34399.734008139,1,21740821,0.004495594317568782,586.4,1,586.5,18,586.4,100,586.53,100,586.1,100,586.57,4,585.66,100,586.6,80,585.43,13,586.73,2,585.14,100,0.847457627118644,1.1400441653109643
34399.875336049,4,9303209,0.0008092069771623809,586.5,-1,586.53,100,586.31,100,586.57,204,586.1,100,586.6,80,586.07,200,586.73,2,585.66,100,586.75,250,585.43,13,0.5,0.20520794975597356
34400.0584773,3,21748268,0.004495594317568782,586.07,1,586.53,100,586.0,20,586.57,204,585.92,200,586.6,80,585.66,100,586.73,2,585.43,13,586.75,250,585.14,100,0.16666666666666666,1.1400441653109643
34400.065859435,3,21748916,0.004495594317568782,586.18,1,586.53,100,586.0,20,586.57,204,585.92,200,586.6,80,585.66,100,586.73,2,585.43,13,586.75,250,585.14,100,0.16666666666666666,1.1400441653109643
34400.080691483,3,21741104,0.004495594317568782,586.57,-1,586.53,16,586.28,100,586.57,104,586.26,100,586.6,80,586.0,20,586.73,2,585.92,200,586.75,250,585.66,100,0.8620689655172413,1.1400441653109643
34400.08135297,1,21749546,0.008991188635137565,586.59,-1,586.57,4,586.42,100,586.59,200,586.26,100,586.6,80,586.0,20,586.73,2,585.92,200,586.75,250,585.66,100,0.9615384615384616,2.2800883306219286
34400.08250079,2,21748633,0.004495594317568782,585.92,1,586.57,4,586.29,100,586.59,200,586.26,100,586.6,80,586.0,20,586.73,2,585.92,100,586.75,250,585.66,100,0.9615384615384616,1.1400441653109643
34400.187488549,1,21752012,0.0013486782952706348,586.42,-1,586.42,30,586.31,6,586.51,15,586.3,18,586.56,2,586.29,18,586.57,22,586.28,18,586.6,80,586.27,18,0.16666666666666666,0.34201324959328927
34400.277606983,1,21753849,0.008991188635137565,586.67,-1,586.57,4,586.33,100,586.67,200,586.0,20,586.73,2,585.66,100,586.75,250,585.43,13,586.8,30,585.14,100,0.9615384615384616,2.2800883306219286
34400.290356501,3,21754137,0.004675418090271534,586.06,1,586.57,4,586.33,100,586.67,200,586.0,20,586.73,2,585.66,100,586.75,250,585.43,13,586.8,30,585.14,100,0.9615384615384616,1.1856459319234027
34400.29374111,1,21754290,0.004675418090271534,586.06,1,586.57,4,586.33,100,586.67,200,586.06,104,586.73,2,586.0,20,586.75,250,585.66,100,586.8,30,585.43,13,0.9615384615384616,1.1856459319234027
34400.381085303,1,21761693,8.991188635137565e-05,586.73,-1,586.73,4,586.53,100,586.74,218,586.32,100,586.75,250,586.0,20,586.8,30,585.66,100,586.86,100,585.43,13,0.9615384615384616,0.022800883306219284
34400.383285012,1,21761831,0.004675418090271534,586.06,1,586.73,10,586.32,100,586.74,218,586.06,104,586.75,250,586.0,20,586.8,30,585.66,100,586.86,100,585.43,13,0.9090909090909091,1.1856459319234027
34400.383663596,3,21761672,0.008991188635137565,586.74,-1,586.73,10,586.32,100,586.74,18,586.06,104,586.75,250,586.0,20,586.8,30,585.66,100,586.86,100,585.43,13,0.9090909090909091,2.2800883306219286
34400.387401607,3,21761862,0.004495594317568782,586.22,1,586.73,10,586.32,100,586.74,18,586.0,20,586.75,250,585.66,100,586.79,200,585.43,13,586.8,30,585.14,100,0.9090909090909091,1.1400441653109643
34400.630514389,1,21767896,0.004495594317568782,586.2,1,586.68,100,586.2,100,586.73,2,586.0,20,586.75,250,585.43,13,586.77,200,585.14,100,586.8,30,585.13,100,0.5,1.1400441653109643
34400.645105208,1,21768164,0.004495594317568782,586.34,1,586.68,100,586.34,100,586.73,2,586.23,100,586.75,250,586.0,20,586.77,200,585.43,13,586.8,30,585.14,100,0.5,1.1400441653109643
34400.715528704,3,21769560,0.004495594317568782,586.35,1,586.65,18,586.0,20,586.66,6,585.43,13,586.68,100,585.14,100,586.73,2,585.13,100,586.75,250,585.01,137,0.5263157894736842,1.1400441653109643
34400.864934607,5,0,0.004495594317568782,586.67,-1,586.68,100,586.18,100,586.73,2,586.0,20,586.75,250,585.43,13,586.77,200,585.14,100,586.8,30,585.13,100,0.5,1.1400441653109643
34400.865081656,1,21773965,0.0008092069771623809,586.19,1,586.73,2,586.19,18,586.75,250,586.18,118,586.77,200,586.0,20,586.8,30,585.43,13,586.86,100,585.14,100,0.9,0.20520794975597356
34400.994706121,1,21778148,0.004495594317568782,586.26,1,586.73,2,586.26,118,586.75,250,586.25,18,586.78,200,586.24,18,586.8,30,586.23,18,586.86,100,586.0,20,0.9833333333333333,1.1400441653109643
34401.126482275,1,21780686,0.004495594317568782,586.08,1,586.64,100,586.08,100,586.73,2,586.0,20,586.75,250,585.43,13,586.78,200,585.14,100,586.8,30,585.13,100,0.5,1.1400441653109643
34401.189345626,3,21780843,0.004495594317568782,586.14,1,586.64,116,586.19,100,586.73,2,586.0,20,586.75,250,585.43,13,586.78,200,585.14,100,586.8,30,585.13,100,0.46296296296296297,1.1400441653109643
34401.658369518,3,21782207,0.004495594317568782,586.19,1,586.64,116,586.42,100,586.73,2,586.15,100,586.75,250,586.0,20,586.78,200,585.43,13,586.8,30,585.14,100,0.46296296296296297,1.1400441653109643
34401.705787138,1,21790357,0.004495594317568782,586.35,1,586.64,100,586.35,100,586.73,2,586.32,18,586.75,250,586.31,18,586.78,200,586.3,18,586.8,30,586.29,18,0.5,1.1400441653109643
34402.607998385,1,21804527,0.004495594317568782,586.74,-1,586.64,16,586.32,18,586.73,2,586.31,118,586.74,100,586.3,18,586.75,250,586.29,18,586.79,200,586.15,100,0.5294117647058824,1.1400441653109643
34402.818956993,4,21780571,0.0007192950908110052,586.64,-1,586.73,2,586.37,100,586.74,100,586.15,100,586.75,250,586.0,20,586.8,30,585.43,13,586.86,100,585.17,100,0.9803921568627451,0.18240706644975427
34402.826149702,3,21804527,0.004495594317568782,586.74,-1,586.73,2,586.4,18,586.75,250,586.39,18,586.8,30,586.38,18,586.86,100,586.37,18,586.89,177,586.32,100,0.9,1.1400441653109643
34403.538443954,1,21817334,0.0008092069771623809,586.3,1,586.73,2,586.33,18,586.75,250,586.32,18,586.77,100,586.31,18,586.8,30,586.3,118,586.86,100,585.43,13,0.9,0.20520794975597356
34408.212303135,3,21875481,0.004495594317568782,586.58,1,586.73,2,586.49,100,586.75,250,586.41,100,586.77,200,586.34,300,586.8,30,585.97,100,586.86,100,585.43,113,0.9803921568627451,1.1400441653109643
34408.212303135,1,21891696,0.004495594317568782,586.59,1,586.73,2,586.59,100,586.75,250,586.49,100,586.77,200,586.41,100,586.8,30,586.34,300,586.86,100,585.97,100,0.9803921568627451,1.1400441653109643
34409.216612544,1,21903508,0.004495594317568782,586.69,1,586.73,102,586.69,200,586.75,250,586.68,100,586.77,200,586.59,200,586.8,30,586.41,100,586.86,100,585.97,100,0.6622516556291391,1.1400441653109643
34409.326080082,4,10795752,0.0031918719654738356,586.75,-1,586.77,200,586.72,100,586.8,30,586.69,200,586.86,100,586.67,200,586.89,177,586.59,200,586.9,20,586.41,100,0.3333333333333333,0.8094313573707846
34409.347868988,1,21905416,0.004495594317568782,586.85,-1,586.85,100,586.69,200,586.86,100,586.67,200,586.88,6,586.59,200,586.89,177,586.41,100,586.9,20,585.97,100,0.6666666666666666,1.1400441653109643
34409.364795002,1,21905604,0.008991188635137565,586.82,-1,586.82,200,586.69,200,586.84,200,586.67,200,586.85,100,586.59,200,586.86,100,586.41,100,586.88,6,585.97,100,0.5,2.2800883306219286
34410.018272904,1,21914782,0.004495594317568782,586.86,-1,586.86,300,586.69,200,586.89,177,586.67,200,586.9,20,586.59,200,586.95,150,586.41,100,587.0,1560,585.97,100,0.4,1.1400441653109643
34410.020412207,1,21914866,0.004495594317568782,586.86,-1,586.86,200,586.69,200,586.89,177,586.67,200,586.9,20,586.59,200,586.95,150,586.41,100,587.0,1560,585.97,100,0.5,1.1400441653109643
34410.144996263,3,21914866,0.004495594317568782,586.86,-1,586.86,100,586.69,200,586.89,177,586.67,200,586.9,20,586.59,200,586.95,150,586.41,100,587.0,1560,585.97,100,0.6666666666666666,1.1400441653109643
34410.484426101,1,21920922,0.004495594317568782,586.86,-1,586.86,100,586.69,200,586.87,206,586.67,200,586.89,177,586.59,200,586.9,20,586.41,100,586.95,50,585.97,100,0.6666666666666666,1.1400441653109643
34410.642990486,1,21923483,0.0008092069771623809,586.74,1,586.89,77,586.74,18,586.9,20,586.71,18,586.95,50,586.7,18,587.0,1560,586.69,212,587.1,10,586.67,200,0.18947368421052632,0.20520794975597356
34410.659439999,1,21923998,0.008991188635137565,586.99,-1,586.99,200,586.75,112,587.0,1560,586.74,18,587.1,10,586.73,18,587.22,1000,586.72,18,587.41,132,586.71,18,0.358974358974359,2.2800883306219286
34410.745088092,1,21924754,0.004495594317568782,586.99,-1,586.99,100,586.75,112,587.0,1560,586.74,18,587.1,10,586.73,18,587.22,1000,586.72,18,587.41,132,586.71,18,0.5283018867924528,1.1400441653109643
34410.765090108,3,21925024,0.004495594317568782,586.61,1,586.99,100,586.75,100,587.0,1766,586.69,200,587.1,10,586.67,200,587.22,1000,586.61,100,587.41,132,586.59,200,0.5,1.1400441653109643
34410.813868887,3,21924940,0.004495594317568782,587.0,-1,586.99,100,586.76,68,587.0,1566,586.75,18,587.1,10,586.69,200,587.22,1000,586.67,200,587.41,132,586.59,200,0.40476190476190477,1.1400441653109643
34411.572497159,1,21936156,0.008991188635137565,587.05,-1,587.0,1560,586.76,50,587.05,200,586.69,200,587.06,200,586.67,200,587.1,10,586.59,200,587.22,1000,586.41,100,0.031055900621118012,2.2800883306219286
34411.729837474,1,21937901,0.0008092069771623809,586.76,1,586.99,6,586.79,18,587.0,1350,586.78,18,587.05,200,586.77,18,587.1,10,586.76,68,587.22,1000,586.69,200,0.75,0.20520794975597356
34411.820542605,4,2134900,0.0017982377270275131,587.0,-1,587.0,1293,586.79,18,587.05,200,586.78,18,587.1,10,586.77,18,587.22,1000,586.76,68,587.41,132,586.69,200,0.013729977116704805,0.4560176661243857
34411.820542605,4,2681097,0.013486782952706347,587.0,-1,587.0,993,586.79,18,587.05,200,586.78,18,587.1,10,586.77,18,587.22,1000,586.76,68,587.41,132,586.69,200,0.017804154302670624,3.4201324959328927
34411.984368429,3,21938949,0.0008092069771623809,586.8,1,587.0,568,586.81,14,587.06,200,586.76,50,587.1,10,586.69,200,587.22,1000,586.67,200,587.41,132,586.59,200,0.024054982817869417,0.20520794975597356
34412.715558063,4,21951834,0.002157885272433016,587.0,-1,587.06,200,586.78,18,587.1,10,586.77,18,587.22,1000,586.76,68,587.41,132,586.69,200,587.43,200,586.67,200,0.08256880733944955,0.5472211993492629
34412.849428056,1,21955278,0.0008092069771623809,586.88,1,587.05,100,586.88,18,587.06,100,586.87,100,587.1,10,586.76,50,587.22,1000,586.69,200,587.41,132,586.67,200,0.15254237288135594,0.20520794975597356
34412.849768175,1,21955301,0.013486782952706347,586.71,1,587.05,100,586.88,18,587.06,100,586.87,100,587.1,10,586.76,50,587.22,1000,586.71,300,587.41,132,586.69,200,0.15254237288135594,3.4201324959328927
34413.27057134,2,21961815,0.004495594317568782,586.71,1,587.1,10,586.76,50,587.14,200,586.71,400,587.18,4,586.69,200,587.22,1000,586.67,200,587.41,132,586.59,200,0.8333333333333334,1.1400441653109643
34413.366887354,3,21962724,0.008991188635137565,587.13,-1,587.1,10,586.76,50,587.11,200,586.71,300,587.22,1000,586.69,200,587.41,132,586.67,200,587.43,200,586.59,200,0.8333333333333334,2.2800883306219286
34413.399792596,3,21962992,0.008991188635137565,587.11,-1,587.09,200,586.76,50,587.1,10,586.71,300,587.22,1000,586.69,200,587.41,132,586.67,200,587.43,200,586.59,200,0.2,2.2800883306219286
34413.813830034,3,21965393,0.0008092069771623809,586.77,1,587.1,10,586.79,18,587.14,300,586.78,18,587.22,1000,586.76,68,587.41,132,586.71,300,587.43,200,586.69,200,0.6428571428571429,0.20520794975597356
34414.097824994,3,21969813,0.0008092069771623809,586.77,1,587.1,10,586.97,100,587.11,67,586.76,50,587.14,300,586.71,300,587.22,1000,586.69,100,587.41,132,586.67,200,0.9090909090909091,0.20520794975597356
34415.963634093,3,21995896,0.004495594317568782,586.71,1,587.07,67,586.77,18,587.1,10,586.76,50,587.12,200,586.71,300,587.22,1000,586.69,100,587.41,132,586.67,200,0.21176470588235294,1.1400441653109643
34416.922784359,3,21925288,0.002247797158784391,586.76,1,587.16,100,586.84,100,587.22,1000,586.82,100,587.41,132,586.71,300,587.43,200,586.69,100,587.48,100,586.67,200,0.5,0.5700220826554822
34417.133225827,1,22020346,0.0008092069771623809,586.82,1,587.16,100,586.84,18,587.22,1000,586.82,118,587.41,132,586.71,300,587.43,200,586.69,100,587.48,100,586.67,200,0.15254237288135594,0.20520794975597356
34417.957751678,3,22024456,0.0008092069771623809,586.86,1,587.16,100,586.85,18,587.22,1000,586.82,100,587.41,132,586.71,300,587.43,200,586.69,100,587.48,100,586.67,200,0.15254237288135594,0.20520794975597356
34419.577244245,4,22014804,0.0044506383743930945,586.82,1,587.06,64,586.71,300,587.12,200,586.69,100,587.13,100,586.67,200,587.22,1000,586.59,200,587.41,132,585.98,100,0.8241758241758241,1.1286437236578546
34419.604237843,3,22052170,0.004495594317568782,586.61,1,586.76,200,586.61,100,586.77,400,586.59,200,587.06,4,585.97,100,587.08,100,585.44,100,587.13,100,585.43,13,0.3333333333333333,1.1400441653109643
34419.60530075,1,22052308,0.0026973565905412697,586.75,-1,586.75,60,586.6,200,586.76,200,586.59,200,586.77,400,585.97,100,587.06,4,585.44,100,587.08,100,585.43,13,0.7692307692307693,0.6840264991865785
34419.651815438,2,22053116,0.004495594317568782,586.33,1,586.75,60,586.33,100,586.76,100,586.21,100,586.77,400,585.97,100,587.06,4,585.44,100,587.08,100,585.43,13,0.625,1.1400441653109643
34419.654206443,1,22053253,0.004495594317568782,586.22,1,586.75,60,586.22,200,586.76,100,586.21,100,586.77,400,585.97,100,587.06,4,585.44,100,587.08,100,585.43,13,0.7692307692307693,1.1400441653109643
34419.680088857,1,22053776,0.0026973565905412697,586.76,-1,586.76,160,586.24,200,586.77,400,585.97,100,587.06,4,585.44,100,587.08,100,585.43,13,587.13,100,585.17,100,0.5555555555555556,0.6840264991865785
34419.696020456,3,22053813,0.0026973565905412697,586.75,-1,586.76,100,586.24,200,586.77,400,585.97,100,587.06,4,585.44,100,587.08,100,585.43,13,587.13,100,585.17,100,0.6666666666666666,0.6840264991865785
34420.034730998,3,22063660,0.0008092069771623809,586.12,1,586.58,204,586.13,14,586.76,100,585.97,100,586.86,1000,585.43,13,587.13,100,585.17,100,587.21,100,585.15,100,0.06422018348623854,0.20520794975597356
34420.03957896,1,22072692,0.008991188635137565,585.87,1,586.71,200,585.97,100,586.76,100,585.87,200,586.86,1000,585.43,13,587.13,100,585.17,100,587.22,1000,585.14,100,0.3333333333333333,2.2800883306219286
34420.045469194,1,22072913,0.004495594317568782,585.84,1,586.76,100,585.97,100,586.86,1000,585.84,200,587.13,100,585.43,13,587.22,1000,585.17,100,587.41,232,585.14,100,0.5,1.1400441653109643
34420.164250506,1,22076392,0.0008092069771623809,585.98,1,586.76,100,586.0,18,586.86,1000,585.99,18,587.13,100,585.98,18,587.22,1000,585.97,100,587.41,232,585.43,13,0.15254237288135594,0.20520794975597356
34420.1642747,1,22076396,0.0008092069771623809,585.97,1,586.76,100,586.0,18,586.86,1000,585.99,18,587.13,100,585.98,18,587.22,1000,585.97,118,587.41,232,585.43,13,0.15254237288135594,0.20520794975597356
34420.266036942,1,22083148,0.004495594317568782,586.81,-1,586.76,104,586.01,18,586.81,100,586.0,18,586.86,1000,585.99,18,587.13,100,585.98,18,587.22,1000,585.97,118,0.14754098360655737,1.1400441653109643
34420.564339532,1,22089650,0.013486782952706347,586.74,-1,586.74,300,586.1,18,586.83,4,586.09,2,586.86,1000,586.07,18,587.13,100,585.97,100,587.22,1000,585.44,100,0.05660377358490566,3.4201324959328927
34421.410344846,3,22096454,0.0008092069771623809,585.98,1,586.74,86,586.02,18,586.86,1000,586.01,18,587.13,100,585.98,100,587.22,1000,585.97,100,587.41,132,585.43,13,0.17307692307692307,0.20520794975597356
34421.628997807,5,0,0.004495594317568782,586.74,-1,586.86,1000,586.02,18,587.13,100,586.01,18,587.22,1000,585.98,100,587.41,132,585.97,100,587.43,200,585.43,13,0.01768172888015717,1.1400441653109643
34422.456742562,1,22118026,0.00022477971587843914,587.09,-1,586.86,1000,586.06,18,587.01,100,585.98,100,587.09,5,585.97,100,587.13,100,585.43,13,587.22,1000,585.17,100,0.01768172888015717,0.057002208265548214
34425.204435154,1,22156661,0.0031469160222981477,587.0,-1,586.73,100,585.97,100,586.86,1000,585.44,100,586.95,3,585.43,13,586.99,250,585.17,100,587.0,70,585.14,100,0.5,0.7980309157176749
34425.317742413,1,22157988,0.008991188635137565,586.16,1,586.73,118,586.16,200,586.86,1000,586.15,18,586.95,3,586.13,200,586.99,250,586.12,100,587.0,70,585.97,100,0.6289308176100629,2.2800883306219286
34425.332988243,1,22158235,0.008991188635137565,586.19,1,586.73,118,586.19,200,586.86,1000,586.15,18,586.95,3,586.12,100,586.99,250,585.97,100,587.0,70,585.44,100,0.6289308176100629,2.2800883306219286
34426.764224634,3,22170968,0.0008092069771623809,586.18,1,586.73,100,586.2,18,586.86,1000,586.17,218,586.95,3,586.03,100,586.98,200,585.97,100,586.99,250,585.44,100,0.15254237288135594,0.20520794975597356
34426.825059194,1,22176543,0.0008092069771623809,586.17,1,586.73,100,586.2,18,586.86,1000,586.19,18,586.95,3,586.18,18,586.98,200,586.17,218,586.99,250,586.03,100,0.15254237288135594,0.20520794975597356
34426.861929526,3,22176543,0.0008092069771623809,586.17,1,586.7,18,586.29,100,586.73,100,586.03,100,586.86,1000,585.97,100,586.95,3,585.44,100,586.98,200,585.43,13,0.847457627118644,0.20520794975597356
34431.064481373,3,22218214,0.0008092069771623809,586.7,-1,586.73,200,586.32,18,586.86,1000,586.31,18,586.95,3,586.3,18,586.98,200,586.29,22,586.99,260,586.03,100,0.08256880733944955,0.20520794975597356
34431.069055836,3,22222492,0.004495594317568782,586.81,-1,586.73,100,586.32,18,586.86,1000,586.31,18,586.95,3,586.3,18,586.98,200,586.29,22,586.99,260,586.03,100,0.15254237288135594,1.1400441653109643
34431.07117446,1,22222563,0.0008092069771623809,586.33,1,586.73,100,586.33,18,586.82,200,586.32,18,586.86,1000,586.31,18,586.95,3,586.3,18,586.98,200,586.29,22,0.15254237288135594,0.20520794975597356
34431.264396826,1,22225056,0.0008092069771623809,586.38,1,586.85,12,586.38,118,586.86,1000,586.37,218,586.95,3,586.36,100,586.98,200,586.35,24,586.99,260,586.33,18,0.9076923076923077,0.20520794975597356
34431.865403087,3,22234834,0.008991188635137565,586.27,1,586.73,100,586.29,4,586.86,1000,586.03,100,586.95,3,586.0,300,586.98,200,585.97,100,586.99,260,585.44,100,0.038461538461538464,2.2800883306219286
34432.40065227,4,22240633,0.004495594317568782,586.73,-1,586.86,1000,586.62,100,586.95,3,586.61,100,586.96,200,586.29,4,586.98,200,586.03,100,586.99,260,586.0,300,0.09090909090909091,1.1400441653109643
34433.190776111,4,22259590,0.002247797158784391,586.67,-1,586.67,50,586.61,100,586.86,1000,586.47,200,586.95,3,586.29,4,586.96,200,586.03,100,586.98,200,586.0,300,0.6666666666666666,0.5700220826554822
34436.399291993,3,22297549,0.004495594317568782,586.62,1,586.83,300,586.63,6,586.86,1100,586.62,18,586.95,3,586.61,118,586.97,111,586.47,200,586.98,200,586.29,4,0.0196078431372549,1.1400441653109643
34437.450237511,1,22312858,0.004495594317568782,586.77,1,586.83,361,586.81,100,586.86,1100,586.77,100,586.94,200,586.65,100,586.95,3,586.61,100,586.99,260,586.29,4,0.21691973969631237,1.1400441653109643
34437.458402676,1,22312975,0.004495594317568782,586.83,-1,586.83,450,586.81,100,586.86,1100,586.77,100,586.94,200,586.65,100,586.95,3,586.61,100,586.99,260,586.29,4,0.18181818181818182,1.1400441653109643
34437.468591594,3,22312890,0.004495594317568782,586.77,1,586.83,450,586.65,100,586.86,1100,586.61,100,586.94,200,586.29,4,586.95,3,586.03,100,586.99,260,586.0,300,0.18181818181818182,1.1400441653109643
34438.321518644,1,22323269,0.004495594317568782,586.73,1,586.82,100,586.73,100,586.83,350,586.65,100,586.86,1000,586.62,200,586.94,200,586.61,100,586.95,3,586.29,4,0.5,1.1400441653109643
34438.718284698,3,22323767,0.004495594317568782,586.73,1,586.86,699,586.77,100,586.95,3,586.65,100,586.97,100,586.62,200,586.99,260,586.61,100,587.0,270,586.29,4,0.1251564455569462,1.1400441653109643
34438.718396708,3,22323921,0.004495594317568782,586.77,1,586.86,699,586.65,100,586.95,3,586.62,200,586.97,100,586.61,100,586.99,260,586.29,4,587.0,270,586.03,100,0.1251564455569462,1.1400441653109643
34439.276606875,3,22328094,0.004495594317568782,586.74,1,586.86,699,586.75,60,586.95,3,586.65,100,586.97,100,586.62,200,586.99,260,586.61,130,587.0,270,586.29,4,0.07905138339920949,1.1400441653109643
34440.811413819,3,22348992,0.004495594317568782,586.78,1,587.0,270,586.75,60,587.04,200,586.65,100,587.09,5,586.62,200,587.13,100,586.61,150,587.22,1000,586.29,4,0.18181818181818182,1.1400441653109643
34441.066404591,1,22357410,0.004495594317568782,586.78,1,587.0,270,586.92,37,587.04,200,586.78,100,587.09,5,586.75,60,587.13,100,586.65,100,587.22,1000,586.62,200,0.12052117263843648,1.1400441653109643
34441.433170064,3,22357410,0.004495594317568782,586.78,1,587.0,75,586.92,37,587.04,200,586.75,60,587.09,5,586.65,100,587.13,100,586.62,100,587.22,1000,586.61,150,0.33035714285714285,1.1400441653109643
34441.521585701,3,22366068,0.004495594317568782,586.87,1,587.09,5,586.94,37,587.12,200,586.75,60,587.13,100,586.65,100,587.22,1000,586.61,150,587.25,200,586.29,4,0.8809523809523809,1.1400441653109643
34441.533874977,3,22368137,0.004495594317568782,586.82,1,587.09,5,586.89,18,587.12,200,586.75,60,587.13,100,586.65,100,587.22,1000,586.61,150,587.25,200,586.3,100,0.782608695652174,1.1400441653109643
34441.560275025,3,22368593,0.008991188635137565,587.12,-1,587.09,5,586.89,18,587.1,200,586.8,100,587.13,100,586.75,60,587.22,1000,586.65,100,587.25,200,586.61,150,0.782608695652174,2.2800883306219286
34441.641202873,1,22384641,0.008991188635137565,587.1,-1,587.09,5,586.92,18,587.1,200,586.91,18,587.13,100,586.9,18,587.22,1000,586.89,18,587.25,200,586.83,100,0.782608695652174,2.2800883306219286
34441.692852336,3,22377849,0.0008092069771623809,586.91,1,587.07,200,586.92,18,587.09,5,586.9,18,587.13,100,586.77,200,587.22,1000,586.75,60,587.25,200,586.65,100,0.08256880733944955,0.20520794975597356
34441.747821007,1,22388284,0.004495594317568782,586.86,1,587.08,200,586.86,100,587.09,5,586.77,100,587.12,200,586.75,60,587.13,100,586.65,100,587.22,1000,586.61,150,0.3333333333333333,1.1400441653109643
34441.84990227,1,22390683,0.004495594317568782,586.82,1,587.09,5,586.91,18,587.13,100,586.9,18,587.22,1000,586.89,18,587.25,200,586.88,18,587.28,470,586.82,100,0.782608695652174,1.1400441653109643
34441.880446847,1,22391325,0.008991188635137565,587.17,-1,587.09,5,586.78,18,587.13,100,586.77,200,587.17,200,586.75,60,587.21,200,586.65,100,587.22,1000,586.61,150,0.782608695652174,2.2800883306219286
34441.981758306,1,22393445,0.004495594317568782,587.09,-1,587.09,105,586.78,18,587.13,100,586.75,60,587.16,100,586.67,200,587.22,1000,586.65,100,587.25,200,586.61,150,0.14634146341463414,1.1400441653109643
34442.095779514,3,22395420,0.004495594317568782,587.16,-1,587.09,105,586.78,100,587.13,100,586.75,60,587.22,1000,586.67,100,587.25,200,586.65,100,587.28,470,586.61,150,0.4878048780487805,1.1400441653109643
34442.096484621,3,22396305,0.004495594317568782,587.09,-1,587.09,5,586.78,100,587.13,100,586.75,60,587.22,1000,586.67,100,587.25,200,586.65,100,587.28,470,586.61,150,0.9523809523809523,1.1400441653109643
34442.157133173,1,22398142,0.004495594317568782,587.09,-1,587.09,105,586.82,100,587.13,100,586.75,60,587.17,200,586.67,100,587.22,1000,586.65,100,587.25,200,586.61,150,0.4878048780487805,1.1400441653109643
34442.157178014,3,22397357,0.004495594317568782,587.17,-1,587.09,105,586.82,100,587.13,100,586.75,60,587.22,1000,586.67,100,587.25,200,586.65,100,587.28,470,586.61,150,0.4878048780487805,1.1400441653109643
34442.18885525,3,22398188,0.004495594317568782,587.17,-1,587.09,105,586.82,100,587.13,100,586.75,60,587.17,100,586.67,100,587.22,1000,586.65,100,587.25,200,586.61,150,0.4878048780487805,1.1400441653109643
34442.189572925,1,22398911,0.004495594317568782,587.21,-1,587.09,5,586.82,100,587.13,100,586.75,60,587.21,100,586.67,100,587.22,1000,586.65,100,587.25,200,586.61,150,0.9523809523809523,1.1400441653109643
34442.219767303,1,22399585,0.004495594317568782,587.09,-1,587.09,105,586.82,100,587.13,100,586.75,60,587.17,200,586.67,100,587.22,1000,586.65,100,587.25,200,586.61,150,0.4878048780487805,1.1400441653109643
34442.221223287,3,22399596,0.004495594317568782,587.21,-1,587.09,5,586.82,100,587.13,100,586.75,60,587.17,200,586.67,100,587.22,1000,586.65,100,587.25,200,586.61,150,0.9523809523809523,1.1400441653109643
34442.377836697,3,22402456,0.004495594317568782,587.17,-1,587.1,100,586.85,18,587.13,100,586.84,18,587.17,100,586.83,118,587.22,1000,586.82,118,587.25,200,586.75,60,0.15254237288135594,1.1400441653109643
34442.439464488,3,22403620,0.004495594317568782,587.21,-1,587.13,100,586.85,18,587.18,200,586.84,18,587.22,1000,586.83,118,587.25,200,586.82,118,587.28,470,586.75,60,0.15254237288135594,1.1400441653109643
34442.474990846,3,22402581,0.0008092069771623809,586.84,1,587.13,100,586.85,18,587.14,100,586.83,118,587.22,1000,586.82,100,587.25,200,586.75,60,587.28,470,586.65,100,0.15254237288135594,0.20520794975597356
34442.520569338,3,22404473,0.004495594317568782,587.09,-1,587.13,100,586.83,100,587.22,1000,586.75,60,587.25,200,586.65,100,587.28,470,586.61,150,587.41,132,586.29,4,0.5,1.1400441653109643
34443.564922986,3,22418332,0.004495594317568782,587.09,-1,587.13,100,586.75,60,587.22,1000,586.65,100,587.25,200,586.61,150,587.28,470,586.29,4,587.41,132,586.03,100,0.375,1.1400441653109643
34443.698202506,1,22420920,0.004495594317568782,587.15,-1,587.13,100,586.81,18,587.15,100,586.8,13,587.18,200,586.78,18,587.22,1000,586.77,18,587.25,200,586.76,18,0.15254237288135594,1.1400441653109643
34443.72858483,3,22421174,0.004495594317568782,587.1,-1,587.13,100,586.75,60,587.22,1000,586.65,100,587.25,200,586.61,150,587.28,470,586.29,4,587.41,132,586.03,100,0.375,1.1400441653109643
34443.758840064,1,22421685,0.004495594317568782,587.1,-1,587.1,100,586.75,60,587.13,100,586.73,200,587.15,100,586.65,100,587.22,1000,586.61,150,587.25,200,586.29,4,0.375,1.1400441653109643
34443.788853068,3,22421704,0.004495594317568782,587.16,-1,587.09,100,586.75,60,587.13,100,586.68,200,587.22,1000,586.65,100,587.25,200,586.61,150,587.28,470,586.29,4,0.375,1.1400441653109643
34444.191055864,4,1996321,0.0004495594317568783,587.22,-1,587.22,990,587.17,38,587.24,5,586.87,100,587.25,200,586.75,60,587.27,200,586.67,100,587.28,470,586.65,100,0.03696498054474708,0.11400441653109643
34447.662668181,1,22483410,0.004495594317568782,586.67,1,587.41,92,587.25,100,587.43,200,586.86,25,587.48,450,586.75,60,587.49,119,586.67,200,587.5,294,586.65,100,0.5208333333333334,1.1400441653109643
34447.985402468,1,22487239,0.004495594317568782,587.41,1,587.43,200,587.41,100,587.48,550,587.26,100,587.49,19,587.25,100,587.5,294,586.86,25,587.52,100,586.75,60,0.3333333333333333,1.1400441653109643
34447.985511124,4,22487239,0.004495594317568782,587.41,1,587.43,200,587.26,100,587.48,550,587.25,100,587.49,19,586.86,25,587.5,294,586.75,60,587.52,100,586.67,200,0.3333333333333333,1.1400441653109643
34448.90794657,3,22498392,0.00022477971587843914,587.4,-1,587.42,100,587.27,100,587.43,200,587.25,100,587.48,350,587.11,100,587.49,19,587.05,450,587.5,294,586.86,25,0.5,0.057002208265548214
34452.135796747,3,22541362,0.0008092069771623809,587.22,1,587.43,200,587.24,18,587.48,350,587.23,18,587.49,19,587.22,100,587.5,294,587.05,450,587.57,100,586.86,25,0.08256880733944955,0.20520794975597356
34453.300954767,1,22562297,0.008991188635137565,587.56,-1,587.48,350,587.23,118,587.49,19,587.22,118,587.5,294,587.05,450,587.56,200,586.86,25,587.57,100,586.75,60,0.25213675213675213,2.2800883306219286
34455.288804805,1,22590799,0.008991188635137565,587.56,-1,587.48,250,587.22,273,587.49,19,587.05,450,587.5,294,586.86,25,587.56,200,586.75,60,587.57,100,586.67,100,0.5219885277246654,2.2800883306219286
34456.691176669,1,22606249,0.004495594317568782,587.22,1,587.49,19,587.36,100,587.5,294,587.31,18,587.57,100,587.29,173,587.59,100,587.22,200,587.65,202,587.05,450,0.8403361344537815,1.1400441653109643
34458.504739476,3,22592761,0.007777378169393994,587.29,1,587.71,200,587.54,100,587.72,100,587.5,188,587.75,100,587.22,100,587.77,25,587.15,100,587.8,175,587.05,450,0.3333333333333333,1.9722764059879683
34458.809245834,1,22646885,0.004495594317568782,587.85,-1,587.77,25,587.58,100,587.79,100,587.54,100,587.8,175,587.5,188,587.85,200,587.22,100,587.9,540,587.15,100,0.8,1.1400441653109643
34458.83672147,3,22642374,0.004495594317568782,587.54,1,587.77,25,587.58,100,587.79,100,587.5,188,587.8,175,587.22,100,587.85,200,587.15,100,587.9,540,587.05,450,0.8,1.1400441653109643
34459.12646852,3,22615376,0.004495594317568782,587.15,1,587.75,30,587.5,188,587.77,25,587.37,200,587.8,175,587.22,100,587.85,200,587.05,450,587.9,540,586.86,25,0.8623853211009175,1.1400441653109643
34459.718125383,1,22663925,0.0024276209314871428,587.21,1,587.76,100,587.5,188,587.77,25,587.22,100,587.8,175,587.21,54,587.85,200,587.05,450,587.9,540,586.86,25,0.6527777777777778,0.6156238492679207
34459.783888432,1,22664435,0.0008092069771623809,587.53,1,587.76,100,587.53,18,587.77,25,587.5,188,587.8,175,587.22,100,587.85,200,587.21,54,587.9,540,587.05,450,0.15254237288135594,0.20520794975597356
34459.7839539,1,22664441,0.0008092069771623809,587.51,1,587.76,100,587.53,18,587.77,25,587.52,18,587.8,175,587.51,18,587.85,200,587.5,188,587.9,540,587.22,100,0.15254237288135594,0.20520794975597356
34460.118947867,3,22664441,0.0008092069771623809,587.51,1,587.8,175,587.64,100,587.85,200,587.54,18,587.9,540,587.53,18,587.95,100,587.5,206,587.99,211,587.22,100,0.36363636363636365,0.20520794975597356
34460.43744903,5,0,0.0018431936702032008,587.65,1,587.8,75,587.64,100,587.85,200,587.5,188,587.9,540,587.28,30,587.95,100,587.22,100,587.99,211,587.21,54,0.5714285714285714,0.4674181077774953
34461.048655887,3,22674087,0.004495594317568782,587.86,-1,587.8,75,587.53,18,587.85,200,587.52,18,587.9,540,587.51,18,587.95,100,587.5,206,587.99,211,587.28,30,0.1935483870967742,1.1400441653109643
34461.261267292,1,22682305,0.0008092069771623809,587.53,1,587.8,75,587.53,18,587.85,200,587.5,188,587.9,540,587.28,30,587.95,100,587.22,100,587.99,211,587.21,54,0.1935483870967742,0.20520794975597356
34462.936367141,1,22699738,0.000539471318108254,587.78,-1,587.78,12,587.5,188,587.8,75,587.28,30,587.85,100,587.22,100,587.9,540,587.21,54,587.95,100,587.05,450,0.94,0.13680529983731574
34465.462897289,1,22737300,0.0008092069771623809,587.39,1,587.73,12,587.4,18,587.76,100,587.39,18,587.77,100,587.37,200,587.8,75,587.28,30,587.85,110,587.22,100,0.6,0.20520794975597356
34467.37008,1,22764097,0.008991188635137565,587.67,-1,587.67,200,587.34,100,587.77,100,587.28,30,587.78,100,587.22,100,587.8,75,587.21,54,587.85,10,587.05,450,0.3333333333333333,2.2800883306219286
34467.884548127,3,22770063,0.004495594317568782,587.28,1,587.56,50,587.29,100,587.67,200,587.28,30,587.77,100,587.22,100,587.8,75,587.21,54,587.85,10,587.05,450,0.6666666666666666,1.1400441653109643
34468.972764106,3,22773276,0.004495594317568782,587.28,1,587.51,100,587.28,30,587.56,50,587.22,100,587.67,200,587.21,54,587.77,100,587.05,450,587.8,75,586.86,25,0.23076923076923078,1.1400441653109643
34469.749546471,1,22789720,0.008991188635137565,587.24,1,587.51,100,587.28,30,587.63,100,587.24,200,587.67,200,587.23,200,587.77,100,587.22,100,587.8,75,587.21,54,0.23076923076923078,2.2800883306219286
34469.749575869,3,22789713,0.008991188635137565,587.23,1,587.51,100,587.28,30,587.63,100,587.24,200,587.67,200,587.22,100,587.77,100,587.21,54,587.8,75,587.05,450,0.23076923076923078,2.2800883306219286
34470.466371478,1,22799705,0.0008092069771623809,587.24,1,587.49,100,587.25,18,587.51,100,587.24,18,587.57,200,587.22,100,587.63,100,587.21,254,587.77,105,587.05,450,0.15254237288135594,0.20520794975597356
34471.170304198,1,22806969,0.004495594317568782,587.56,-1,587.49,100,587.25,18,587.56,100,587.24,18,587.57,200,587.23,18,587.63,100,587.22,118,587.77,105,587.21,254,0.15254237288135594,1.1400441653109643
34471.170434504,3,22799701,0.0008092069771623809,587.25,1,587.49,100,587.24,18,587.56,100,587.23,18,587.57,200,587.22,118,587.63,100,587.21,254,587.77,105,587.05,450,0.15254237288135594,0.20520794975597356
34471.170441404,3,22799706,0.0008092069771623809,587.23,1,587.49,100,587.24,18,587.56,100,587.22,118,587.57,200,587.21,254,587.63,100,587.05,450,587.77,105,586.86,25,0.15254237288135594,0.20520794975597356
34472.17526392,3,22817586,0.0008092069771623809,587.22,1,587.43,12,587.23,18,587.46,100,587.21,272,587.49,200,587.05,450,587.56,100,586.86,25,587.63,100,586.8,100,0.6,0.20520794975597356
34472.175264243,3,22817584,0.0008092069771623809,587.23,1,587.43,12,587.21,272,587.46,100,587.05,450,587.49,200,586.86,25,587.56,100,586.8,100,587.63,100,586.67,100,0.9577464788732394,0.20520794975597356
34472.285985334,3,22819069,0.000539471318108254,587.43,-1,587.46,100,587.21,254,587.49,100,587.05,450,587.56,100,586.86,25,587.63,100,586.8,100,587.77,105,586.67,100,0.7175141242937854,0.13680529983731574
34472.358160686,3,22791793,0.008991188635137565,587.21,1,587.45,100,587.21,54,587.46,100,587.05,450,587.49,100,586.86,25,587.56,100,586.8,100,587.63,100,586.67,100,0.35064935064935066,2.2800883306219286
34472.362586051,3,22825876,0.008991188635137565,587.07,1,587.45,100,587.21,54,587.46,100,587.05,450,587.49,100,586.86,25,587.56,100,586.8,100,587.63,100,586.67,100,0.35064935064935066,2.2800883306219286
34476.410584784,4,22824603,0.004495594317568782,587.45,-1,587.46,400,587.1,18,587.47,200,587.09,120,587.49,100,587.07,18,587.63,100,587.06,18,587.73,100,587.05,450,0.0430622009569378,1.1400441653109643
34476.595769459,1,22879027,0.0008092069771623809,587.18,1,587.46,323,587.18,18,587.49,100,587.16,18,587.54,100,587.15,118,587.63,100,587.05,450,587.73,100,586.99,100,0.05278592375366569,0.20520794975597356
34480.44404893,1,22923723,0.0008092069771623809,587.18,1,587.63,100,587.18,18,587.68,200,587.15,400,587.73,100,587.05,450,587.77,505,587.0,100,587.8,75,586.86,25,0.15254237288135594,0.20520794975597356
34480.444087705,1,22923726,0.0008092069771623809,587.17,1,587.63,100,587.18,18,587.68,200,587.17,18,587.73,100,587.15,400,587.77,505,587.05,450,587.8,75,587.0,100,0.15254237288135594,0.20520794975597356
34481.669607124,1,22934208,0.004495594317568782,587.67,-1,587.61,50,587.18,18,587.63,100,587.17,18,587.67,100,587.16,18,587.68,200,587.15,418,587.73,100,587.05,450,0.2647058823529412,1.1400441653109643
34482.300407772,1,22954429,0.0008092069771623809,587.2,1,587.61,50,587.21,18,587.63,100,587.2,18,587.68,200,587.19,18,587.73,100,587.18,18,587.77,505,587.17,18,0.2647058823529412,0.20520794975597356
34484.75222897,4,22981177,0.004495594317568782,587.21,1,587.56,50,587.15,400,587.57,3,587.08,100,587.63,100,587.05,450,587.68,200,586.86,25,587.73,100,586.8,100,0.8888888888888888,1.1400441653109643
34484.75222897,5,0,0.008092069771623809,587.21,1,587.56,50,587.15,400,587.57,3,587.08,100,587.63,100,587.05,450,587.68,200,586.86,25,587.73,100,586.8,100,0.8888888888888888,2.0520794975597356
34490.111827996,3,23085172,0.004495594317568782,587.33,-1,587.3,100,587.05,450,587.32,100,586.99,100,587.5,15,586.86,25,587.56,50,586.8,100,587.57,203,586.67,100,0.8181818181818182,1.1400441653109643
34490.363613522,1,23094368,0.004495594317568782,587.33,-1,587.3,100,587.08,100,587.33,100,587.05,450,587.5,15,586.99,100,587.56,50,586.86,25,587.57,203,586.8,100,0.5,1.1400441653109643
34490.654071002,4,23098380,8.991188635137565e-05,587.15,-1,587.3,100,587.08,100,587.37,200,587.05,450,587.5,15,586.99,100,587.56,50,586.86,25,587.57,203,586.8,100,0.5,0.022800883306219284
34491.336409995,1,23111972,0.004495594317568782,587.42,-1,587.3,100,587.05,450,587.42,200,586.99,100,587.5,15,586.86,25,587.56,50,586.8,100,587.57,203,586.67,100,0.8181818181818182,1.1400441653109643
34491.725397498,1,23116333,0.00022477971587843914,587.33,-1,587.33,5,587.21,100,587.5,15,587.15,100,587.53,100,587.05,450,587.56,50,586.86,25,587.57,203,586.8,100,0.9523809523809523,0.057002208265548214
34496.304777202,1,23175146,0.008991188635137565,587.0,1,587.47,150,587.15,100,587.5,15,587.05,450,587.53,100,587.0,200,587.56,50,586.86,25,587.57,203,586.82,100,0.4,2.2800883306219286
34497.19112397,1,23185110,0.0008092069771623809,587.15,1,587.45,150,587.15,118,587.5,15,587.05,450,587.53,100,587.0,200,587.56,50,586.86,25,587.57,203,586.82,200,0.44029850746268656,0.20520794975597356
34499.093680244,1,23208848,0.0067433914763531735,587.47,-1,587.47,150,587.15,100,587.5,15,587.05,450,587.52,100,587.0,200,587.55,20,586.86,25,587.56,50,586.82,200,0.4,1.7100662479664464
34501.145588376,5,0,0.0051699334652041,587.2,1,587.4,100,587.15,100,587.45,100,587.05,450,587.46,100,587.0,200,587.5,15,586.86,25,587.56,50,586.82,200,0.5,1.311050790107609
34502.089448146,4,23112520,0.004495594317568782,587.15,1,587.39,150,587.15,54,587.4,100,587.05,450,587.46,100,586.86,25,587.5,15,586.8,100,587.56,50,586.67,100,0.2647058823529412,1.1400441653109643
34502.142026265,1,23296298,0.004495594317568782,586.95,1,587.38,100,587.05,450,587.39,150,586.95,100,587.4,100,586.86,25,587.46,100,586.8,100,587.5,15,586.67,100,0.8181818181818182,1.1400441653109643
34503.309774043,3,23280980,0.0067433914763531735,587.39,-1,587.4,100,587.06,48,587.46,100,587.05,450,587.5,15,586.95,100,587.56,50,586.86,25,587.57,203,586.8,100,0.32432432432432434,1.7100662479664464
34503.651019428,1,23320303,0.004495594317568782,587.36,-1,587.36,100,587.06,48,587.4,100,587.05,450,587.46,100,586.95,100,587.5,15,586.86,25,587.56,50,586.8,100,0.32432432432432434,1.1400441653109643
34505.618192403,1,23367215,0.008991188635137565,587.09,1,587.39,100,587.09,200,587.46,100,587.06,48,587.5,15,587.05,450,587.56,50,586.95,100,587.57,203,586.86,25,0.6666666666666666,2.2800883306219286
34506.296710923,1,23379164,0.004495594317568782,587.06,1,587.24,100,587.06,148,587.38,100,587.05,450,587.46,100,586.94,100,587.5,15,586.86,25,587.56,50,586.8,100,0.5967741935483871,1.1400441653109643
34506.462832289,1,23384600,0.004495594317568782,587.06,1,587.24,100,587.06,148,587.38,100,587.05,450,587.46,100,586.94,100,587.5,15,586.86,25,587.56,50,586.8,100,0.5967741935483871,1.1400441653109643
34506.463071745,1,23384610,0.004495594317568782,587.17,-1,587.17,100,587.05,450,587.2,100,586.94,100,587.38,100,586.86,25,587.46,100,586.8,100,587.5,15,586.67,100,0.8181818181818182,1.1400441653109643
34506.840417851,1,23396821,0.004495594317568782,587.24,-1,587.24,100,587.05,269,587.38,100,586.92,100,587.46,100,586.86,25,587.5,15,586.8,100,587.56,50,586.67,100,0.7289972899728997,1.1400441653109643
34507.960179124,3,23397400,0.004495594317568782,587.22,-1,587.38,200,587.05,69,587.5,15,586.92,100,587.56,50,586.86,25,587.57,203,586.8,100,587.63,120,586.67,100,0.25650557620817843,1.1400441653109643
34508.781248612,1,23443795,0.004495594317568782,587.03,-1,587.03,100,586.85,100,587.05,100,586.8,100,587.22,150,586.67,100,587.38,100,586.61,30,587.5,15,586.5,75,0.5,1.1400441653109643
34510.189011257,3,23470484,0.004495594317568782,586.7,1,587.01,100,586.8,100,587.2,200,586.67,100,587.22,150,586.61,30,587.38,100,586.5,75,587.5,15,586.25,58,0.5,1.1400441653109643
34513.88763593,1,23571936,0.0004495594317568783,587.5,-1,586.97,1,586.8,118,586.98,100,586.69,100,587.38,100,586.67,100,587.5,25,586.61,30,587.55,100,586.5,75,0.9915966386554622,0.11400441653109643
34515.652248779,1,23611780,0.0011238985793921956,586.82,1,586.97,1,586.82,25,586.98,100,586.8,300,587.1,100,586.68,100,587.5,25,586.67,100,587.55,100,586.61,30,0.9615384615384616,0.2850110413277411
34515.825079913,1,23613694,0.008991188635137565,586.9,1,586.97,1,586.9,200,586.98,100,586.82,25,587.1,100,586.8,100,587.5,25,586.68,100,587.55,100,586.67,100,0.9950248756218906,2.2800883306219286
34519.79651516,4,23661713,4.4955943175687825e-05,586.91,-1,586.92,100,586.82,10,586.98,100,586.8,135,587.5,125,586.67,100,587.55,100,586.61,30,587.56,50,586.5,75,0.09090909090909091,0.011400441653109642
34526.865148331,4,23664037,0.0004495594317568783,586.8,1,586.89,100,586.8,200,586.9,100,586.61,30,586.98,100,586.5,75,587.06,200,586.43,100,587.15,50,586.25,58,0.6666666666666666,0.11400441653109643
34526.870624874,1,23800740,0.004495594317568782,586.63,1,586.89,100,586.63,100,586.98,100,586.62,18,587.06,200,586.61,30,587.15,50,586.5,75,587.2,1000,586.43,100,0.5,1.1400441653109643
34529.079845301,3,23829571,0.0008092069771623809,586.63,1,586.87,100,586.64,18,586.98,100,586.62,18,587.15,50,586.61,48,587.2,1000,586.5,75,587.5,125,586.25,58,0.15254237288135594,0.20520794975597356
34529.817544708,3,23834985,0.0008092069771623809,586.66,1,586.87,101,586.65,18,586.98,100,586.64,18,587.15,50,586.61,30,587.2,1000,586.5,75,587.5,25,586.25,58,0.15126050420168066,0.20520794975597356
34529.968221095,1,23844329,0.004495594317568782,586.86,-1,586.86,100,586.61,30,586.87,101,586.5,75,586.98,100,586.25,58,587.15,50,586.21,25,587.2,1000,586.12,100,0.23076923076923078,1.1400441653109643
34530.460504128,1,23851211,0.044955943175687824,587.0,-1,586.86,100,586.64,18,586.87,101,586.63,18,586.98,100,586.62,18,587.0,1000,586.61,43,587.15,50,586.5,75,0.15254237288135594,11.400441653109642
34530.746382827,1,23855736,0.004495594317568782,586.94,-1,586.86,100,586.71,18,586.87,1,586.7,18,586.94,100,586.69,18,586.98,100,586.68,118,587.0,1000,586.61,25,0.15254237288135594,1.1400441653109643
34530.746501022,3,23851632,0.0008092069771623809,586.7,1,586.86,100,586.69,18,586.87,1,586.68,100,586.94,100,586.61,25,586.98,100,586.5,75,587.0,1000,586.25,58,0.15254237288135594,0.20520794975597356
34530.979870408,3,23857758,0.004495594317568782,586.95,-1,586.87,1,586.68,100,586.9,100,586.61,25,586.98,100,586.5,75,587.0,1000,586.25,58,587.15,50,586.21,25,0.9900990099009901,1.1400441653109643
34533.912907934,3,23898248,0.0008092069771623809,586.63,1,586.87,1,586.62,28,586.98,100,586.61,25,587.0,1000,586.55,100,587.15,50,586.5,175,587.2,1000,586.25,58,0.9655172413793104,0.20520794975597356
34536.039833548,5,0,0.008991188635137565,586.66,1,586.79,100,586.62,10,586.87,1,586.61,25,586.93,200,586.55,100,586.98,100,586.5,75,587.0,1000,586.25,58,0.09090909090909091,2.2800883306219286
34543.22011516,3,24019073,0.008991188635137565,586.44,1,586.79,100,586.55,100,586.9,200,586.53,100,586.98,100,586.5,75,587.0,1000,586.25,58,587.15,50,586.21,25,0.5,2.2800883306219286
34543.705776028,1,24027202,0.008991188635137565,586.89,-1,586.79,100,586.55,100,586.89,200,586.5,75,586.9,200,586.25,58,586.98,100,586.21,25,587.0,1000,586.12,100,0.5,2.2800883306219286
